[gd_scene load_steps=72 format=2]

[ext_resource path="res://scenes/main.gd" type="Script" id=1]
[ext_resource path="res://levels/common/catacombs.tscn" type="PackedScene" id=2]
[ext_resource path="res://gui/hud/Hud.gd" type="Script" id=3]
[ext_resource path="res://players/magic/fire/icon.png" type="Texture" id=4]
[ext_resource path="res://players/magic/ice/icon.png" type="Texture" id=5]
[ext_resource path="res://players/magic/thunder/icon.png" type="Texture" id=6]
[ext_resource path="res://players/magic/hex/icon.png" type="Texture" id=7]
[ext_resource path="res://players/magic/magicmine/icon.png" type="Texture" id=8]
[ext_resource path="res://players/magic/shield/icon.png" type="Texture" id=9]
[ext_resource path="res://players/magic/void/icon.png" type="Texture" id=10]
[ext_resource path="res://players/magic/earth/icon.png" type="Texture" id=11]
[ext_resource path="res://players/magic/wind/icon.png" type="Texture" id=12]
[ext_resource path="res://gui/fonts/S-10-pixel.font" type="BitmapFont" id=13]
[ext_resource path="res://gui/hud/MPGauge.png" type="Texture" id=14]
[ext_resource path="res://gui/hud/HPGauge.png" type="Texture" id=15]
[ext_resource path="res://gui/fonts/XS-10.font" type="BitmapFont" id=16]
[ext_resource path="res://gui/fonts/L-24.font" type="BitmapFont" id=17]
[ext_resource path="res://gui/hud/bloodgauge-mask.png" type="Texture" id=18]
[ext_resource path="res://gui/hud/bloodGauge.png" type="Texture" id=19]
[ext_resource path="res://gui/worldmap/icons/bonus.png" type="Texture" id=20]
[ext_resource path="res://gui/fonts/S-12-dialog.font" type="BitmapFont" id=21]
[ext_resource path="res://gui/fonts/L-24-Keyboard-outline.font" type="BitmapFont" id=22]
[ext_resource path="res://gui/fonts/M-15-options.font" type="BitmapFont" id=23]
[ext_resource path="res://gui/hud/ItemDisplay.gd" type="Script" id=24]
[ext_resource path="res://gui/fonts/S-13-dialog.font" type="BitmapFont" id=25]
[ext_resource path="res://gui/maps/HudMap.gd" type="Script" id=26]
[ext_resource path="res://gui/fonts/XL-72.font" type="BitmapFont" id=27]
[ext_resource path="res://gui/menu/tabs/map.png" type="Texture" id=28]
[ext_resource path="res://gui/dialogue/dialogue.tscn" type="PackedScene" id=29]
[ext_resource path="res://gui/menu/menu.tscn" type="PackedScene" id=30]
[ext_resource path="res://gui/TextButton.tscn" type="PackedScene" id=31]
[ext_resource path="res://players/magic/wind/action.png" type="Texture" id=32]
[ext_resource path="res://gui/sequences/demonic_f.png" type="Texture" id=33]
[ext_resource path="res://gui/sequences/demonic_a.png" type="Texture" id=34]
[ext_resource path="res://gui/loading/loading.tscn" type="PackedScene" id=35]
[ext_resource path="res://gui/loading/logo.png" type="Texture" id=36]
[ext_resource path="res://gui/confirm.wav" type="AudioStream" id=37]
[ext_resource path="res://gui/cursor.wav" type="AudioStream" id=38]
[ext_resource path="res://gui/sequences/demonic.wav" type="AudioStream" id=39]
[ext_resource path="res://scenes/animations/teleport.wav" type="AudioStream" id=40]
[ext_resource path="res://levels/common/catacombs.ogg" type="AudioStream" id=41]
[ext_resource path="res://scenes/GameClock.gd" type="Script" id=42]
[ext_resource path="res://gui/achievements/hud.tscn" type="PackedScene" id=43]
[ext_resource path="res://scenes/common/fade.gd" type="Script" id=44]
[ext_resource path="res://scenes/animations/healing.wav" type="AudioStream" id=45]

[sub_resource type="Shader" id=1]
code = "shader_type canvas_item;
render_mode blend_premul_alpha;

uniform float aura_width=2.0;
uniform vec4 aura_color:hint_color;
uniform float opacity = 1.0;

void fragment() {
vec4 col = vec4(texture(TEXTURE,UV).rgb, texture(TEXTURE,UV).a*opacity);
vec2 ps = TEXTURE_PIXEL_SIZE;
float a;
float maxa=col.a;
float mina=col.a;
a=texture(TEXTURE,UV+vec2(0,-aura_width)*ps).a;
maxa=max(a,maxa); 
mina=min(a,mina);
a=texture(TEXTURE,UV+vec2(0,aura_width)*ps).a;
maxa=max(a,maxa); 
mina=min(a,mina);
a=texture(TEXTURE,UV+vec2(-aura_width,0)*ps).a;
maxa=max(a,maxa); 
mina=min(a,mina);
a=texture(TEXTURE,UV+vec2(aura_width,0)*ps).a;
maxa=max(a,maxa); 
mina=min(a,mina);
col.rgb*=col.a;
COLOR=col;//mix(col,aura_color,maxa-mina);
float auraa=(maxa-mina);

COLOR.rgb+=aura_color.rgb*(maxa-mina);
}"

[sub_resource type="ShaderMaterial" id=2]
shader = SubResource( 1 )
shader_param/aura_width = 2.0
shader_param/aura_color = Color( 1, 0, 0, 1 )
shader_param/opacity = 1.0

[sub_resource type="Shader" id=3]
code = "shader_type canvas_item;

uniform sampler2D source;

void fragment() {
COLOR.rgb = vec3(1, 0, 0);
COLOR.a = texture(source,vec2(UV.x+0.5, UV.y+0.5)).a*COLOR.a;
}"

[sub_resource type="ShaderMaterial" id=4]
shader = SubResource( 3 )
shader_param/source = ExtResource( 18 )

[sub_resource type="ImageTexture" id=5]
flags = 2
lossy_quality = 1.0
flags = 2
size = Vector2( 99, 69 )

[sub_resource type="Shader" id=6]
code = "shader_type canvas_item;

uniform float aura_width=2.0;
uniform vec4 aura_color:hint_color;
uniform float opacity = 1.0;

void fragment() {
vec4 col = vec4(texture(TEXTURE,UV).rgb, texture(TEXTURE,UV).a*opacity);
vec2 ps = TEXTURE_PIXEL_SIZE;
float a;
float maxa=col.a;
float mina=col.a;
a=texture(TEXTURE,UV+vec2(0,-aura_width)*ps).a;
maxa=max(a,maxa); 
mina=min(a,mina);
a=texture(TEXTURE,UV+vec2(0,aura_width)*ps).a;
maxa=max(a,maxa); 
mina=min(a,mina);
a=texture(TEXTURE,UV+vec2(-aura_width,0)*ps).a;
maxa=max(a,maxa); 
mina=min(a,mina);
a=texture(TEXTURE,UV+vec2(aura_width,0)*ps).a;
maxa=max(a,maxa); 
mina=min(a,mina);
col.rgb*=col.a;
COLOR=col;//mix(col,aura_color,maxa-mina);
float auraa=(maxa-mina);

COLOR.rgb+=aura_color.rgb*(maxa-mina);
}"

[sub_resource type="ShaderMaterial" id=7]
shader = SubResource( 6 )
shader_param/aura_width = 3.0
shader_param/aura_color = Color( 1, 0.62, 0, 1 )
shader_param/opacity = 1.0

[sub_resource type="Shader" id=8]
code = "shader_type canvas_item;

uniform float aura_width=2.0;
uniform vec4 aura_color:hint_color;
uniform vec4 modulate:hint_color;

void fragment() {
vec4 col = vec4(modulate.rgb,texture(TEXTURE,UV).a*modulate.a);
vec2 ps = TEXTURE_PIXEL_SIZE;
float a;
float maxa=col.a;
float mina=col.a;
a=texture(TEXTURE,UV+vec2(0,-aura_width)*ps).a;
maxa=max(a,maxa); 
mina=min(a,mina);
a=texture(TEXTURE,UV+vec2(0,aura_width)*ps).a;
maxa=max(a,maxa); 
mina=min(a,mina);
a=texture(TEXTURE,UV+vec2(-aura_width,0)*ps).a;
maxa=max(a,maxa); 
mina=min(a,mina);
a=texture(TEXTURE,UV+vec2(aura_width,0)*ps).a;
maxa=max(a,maxa); 
mina=min(a,mina);
col.rgb*=col.a;
COLOR=col;//mix(col,aura_color,maxa-mina);

float auraa=(maxa-mina);

COLOR.rgb+=aura_color.rgb*(maxa-mina);
}"

[sub_resource type="ShaderMaterial" id=9]
shader = SubResource( 8 )
shader_param/aura_width = 1.0
shader_param/aura_color = Color( 1, 1, 1, 1 )
shader_param/modulate = Color( 0.41, 0.07, 0.07, 1 )

[sub_resource type="Animation" id=10]
length = 2.0
tracks/0/type = "value"
tracks/0/path = NodePath("levelup:scale")
tracks/0/interp = 1
tracks/0/loop_wrap = true
tracks/0/imported = false
tracks/0/enabled = true
tracks/0/keys = {
"times": PoolRealArray( 0, 0.1, 0.3 ),
"transitions": PoolRealArray( 1, 1, 1 ),
"update": 0,
"values": [ Vector2( 1, 1 ), Vector2( 2, 2 ), Vector2( 1, 1 ) ]
}
tracks/1/type = "value"
tracks/1/path = NodePath("levelup:visible")
tracks/1/interp = 1
tracks/1/loop_wrap = true
tracks/1/imported = false
tracks/1/enabled = true
tracks/1/keys = {
"times": PoolRealArray( 0, 1.9 ),
"transitions": PoolRealArray( 1, 1 ),
"update": 1,
"values": [ true, false ]
}

[sub_resource type="Animation" id=11]
length = 0.3
tracks/0/type = "value"
tracks/0/path = NodePath("chaintext:scale")
tracks/0/interp = 1
tracks/0/loop_wrap = true
tracks/0/imported = false
tracks/0/enabled = true
tracks/0/keys = {
"times": PoolRealArray( 0, 0.1, 0.2 ),
"transitions": PoolRealArray( 0.25, 0.25, 1 ),
"update": 0,
"values": [ Vector2( 1, 1 ), Vector2( 1.5, 1.5 ), Vector2( 1, 1 ) ]
}

[sub_resource type="Animation" id=12]
length = 0.3
tracks/0/type = "value"
tracks/0/path = NodePath("chaintext/counterGroup:scale")
tracks/0/interp = 1
tracks/0/loop_wrap = true
tracks/0/imported = false
tracks/0/enabled = true
tracks/0/keys = {
"times": PoolRealArray( 0, 0.1, 0.2 ),
"transitions": PoolRealArray( 1, 0.25, 1 ),
"update": 0,
"values": [ Vector2( 1, 1 ), Vector2( 1.5, 1.5 ), Vector2( 1, 1 ) ]
}
tracks/1/type = "value"
tracks/1/path = NodePath("chaintext/counterGroup:position")
tracks/1/interp = 1
tracks/1/loop_wrap = true
tracks/1/imported = false
tracks/1/enabled = true
tracks/1/keys = {
"times": PoolRealArray( 0, 0.1, 0.2 ),
"transitions": PoolRealArray( 1, 0.25, 1 ),
"update": 0,
"values": [ Vector2( 100, 0 ), Vector2( 100, -12 ), Vector2( 100, 0 ) ]
}
tracks/2/type = "value"
tracks/2/path = NodePath("chaintext:scale")
tracks/2/interp = 1
tracks/2/loop_wrap = true
tracks/2/imported = false
tracks/2/enabled = true
tracks/2/keys = {
"times": PoolRealArray( 0.3 ),
"transitions": PoolRealArray( 1 ),
"update": 0,
"values": [ Vector2( 1, 1 ) ]
}

[sub_resource type="Animation" id=13]
length = 0.3
tracks/0/type = "value"
tracks/0/path = NodePath("newattack:scale")
tracks/0/interp = 1
tracks/0/loop_wrap = true
tracks/0/imported = false
tracks/0/enabled = true
tracks/0/keys = {
"times": PoolRealArray( 0, 0.1, 0.2 ),
"transitions": PoolRealArray( 0.25, 0.25, 1 ),
"update": 0,
"values": [ Vector2( 1, 1 ), Vector2( 1.34375, 1.34375 ), Vector2( 1, 1 ) ]
}
tracks/1/type = "value"
tracks/1/path = NodePath("chaintext:scale")
tracks/1/interp = 1
tracks/1/loop_wrap = true
tracks/1/imported = false
tracks/1/enabled = true
tracks/1/keys = {
"times": PoolRealArray( 0.3 ),
"transitions": PoolRealArray( 1 ),
"update": 0,
"values": [ Vector2( 1, 1 ) ]
}

[sub_resource type="Animation" id=14]
length = 2.0
tracks/0/type = "value"
tracks/0/path = NodePath("title:rect_scale")
tracks/0/interp = 1
tracks/0/loop_wrap = true
tracks/0/imported = false
tracks/0/enabled = true
tracks/0/keys = {
"times": PoolRealArray( 0, 0.1, 1.8, 2 ),
"transitions": PoolRealArray( 1, 1, 1, 1 ),
"update": 0,
"values": [ Vector2( 0.5, 0.5 ), Vector2( 1, 1 ), Vector2( 1, 1 ), Vector2( 0.5, 0.5 ) ]
}
tracks/1/type = "value"
tracks/1/path = NodePath("title:rect/pos")
tracks/1/interp = 1
tracks/1/loop_wrap = true
tracks/1/imported = false
tracks/1/enabled = true
tracks/1/keys = {
"times": PoolRealArray( 0, 0.1, 1.8, 2 ),
"transitions": PoolRealArray( 1, 1, 1, 1 ),
"update": 0,
"values": [ Vector2( 226, 456 ), Vector2( 32, 384 ), Vector2( 32, 384 ), Vector2( 226, 456 ) ]
}
tracks/2/type = "value"
tracks/2/path = NodePath("title:modulate")
tracks/2/interp = 1
tracks/2/loop_wrap = true
tracks/2/imported = false
tracks/2/enabled = true
tracks/2/keys = {
"times": PoolRealArray( 0, 0.3, 1.6, 2 ),
"transitions": PoolRealArray( 1, 1, 1, 1 ),
"update": 0,
"values": [ Color( 1, 1, 1, 0 ), Color( 1, 1, 1, 1 ), Color( 1, 1, 1, 1 ), Color( 1, 1, 1, 0 ) ]
}

[sub_resource type="Animation" id=15]
length = 2.0
tracks/0/type = "value"
tracks/0/path = NodePath("title:rect/pos")
tracks/0/interp = 1
tracks/0/loop_wrap = true
tracks/0/imported = false
tracks/0/enabled = true
tracks/0/keys = {
"times": PoolRealArray( 0 ),
"transitions": PoolRealArray( 1 ),
"update": 0,
"values": [ Vector2( 32, 184 ) ]
}
tracks/1/type = "value"
tracks/1/path = NodePath("title:rect_scale")
tracks/1/interp = 1
tracks/1/loop_wrap = true
tracks/1/imported = false
tracks/1/enabled = true
tracks/1/keys = {
"times": PoolRealArray( 0 ),
"transitions": PoolRealArray( 1 ),
"update": 0,
"values": [ Vector2( 1, 1 ) ]
}
tracks/2/type = "value"
tracks/2/path = NodePath("title:modulate")
tracks/2/interp = 1
tracks/2/loop_wrap = true
tracks/2/imported = false
tracks/2/enabled = true
tracks/2/keys = {
"times": PoolRealArray( 0, 0.2, 1.8, 2 ),
"transitions": PoolRealArray( 1, 1, 1, 1 ),
"update": 0,
"values": [ Color( 1, 1, 1, 0 ), Color( 1, 1, 1, 1 ), Color( 1, 1, 1, 1 ), Color( 1, 1, 1, 0 ) ]
}

[sub_resource type="ImageTexture" id=16]
flags = 2
flags = 2
size = Vector2( 800, 592 )

[sub_resource type="Shader" id=17]
code = "shader_type canvas_item;

uniform vec4 start:hint_color;
uniform vec4 stop:hint_color;

void fragment() {
COLOR = mix(start, stop, sin(UV.y*3.1415926535897932384626));

COLOR.a = texture(TEXTURE,UV).a*COLOR.a;
}"

[sub_resource type="ShaderMaterial" id=18]
shader = SubResource( 17 )
shader_param/start = Color( 0.1, 0.08, 0.2, 1 )
shader_param/stop = Color( 0.38, 0, 0.37, 1 )

[sub_resource type="ImageTexture" id=19]
flags = 6
lossy_quality = 1.0
flags = 6
size = Vector2( 1, 1 )

[sub_resource type="ParticlesMaterial" id=20]
emission_shape = 2
emission_box_extents = Vector3( 400, 100, 1 )
flag_disable_z = true
spread = 10.0
gravity = Vector3( 0, 0, 0 )
initial_velocity = 120.0
initial_velocity_random = 1.0
angular_velocity = 3.15067e-12
orbit_velocity = 0.0
orbit_velocity_random = 0.0
scale = 2.0
scale_random = 1.0
anim_speed = 1.0

[sub_resource type="Animation" id=21]
tracks/0/type = "value"
tracks/0/path = NodePath("../sequences/demonic/sprite:position")
tracks/0/interp = 1
tracks/0/loop_wrap = true
tracks/0/imported = false
tracks/0/enabled = true
tracks/0/keys = {
"times": PoolRealArray( 0, 0.1, 0.8, 0.9 ),
"transitions": PoolRealArray( 1, 1, 1, 1 ),
"update": 0,
"values": [ Vector2( -800, 0 ), Vector2( 0, 0 ), Vector2( 32, 0 ), Vector2( 800, 0 ) ]
}
tracks/1/type = "value"
tracks/1/path = NodePath("../pause:visible")
tracks/1/interp = 1
tracks/1/loop_wrap = true
tracks/1/imported = false
tracks/1/enabled = true
tracks/1/keys = {
"times": PoolRealArray( 0 ),
"transitions": PoolRealArray( 1 ),
"update": 1,
"values": [ true ]
}
tracks/2/type = "value"
tracks/2/path = NodePath("../choice/gameover:visible")
tracks/2/interp = 1
tracks/2/loop_wrap = true
tracks/2/imported = false
tracks/2/enabled = true
tracks/2/keys = {
"times": PoolRealArray( 0 ),
"transitions": PoolRealArray( 1 ),
"update": 1,
"values": [ false ]
}
tracks/3/type = "method"
tracks/3/path = NodePath("../../..")
tracks/3/interp = 1
tracks/3/loop_wrap = true
tracks/3/imported = false
tracks/3/enabled = true
tracks/3/keys = {
"times": PoolRealArray( 1 ),
"transitions": PoolRealArray( 1 ),
"values": [ {
"args": [  ],
"method": "sequence_finished"
} ]
}
tracks/4/type = "value"
tracks/4/path = NodePath("../../sound/demonic:playing")
tracks/4/interp = 1
tracks/4/loop_wrap = true
tracks/4/imported = false
tracks/4/enabled = true
tracks/4/keys = {
"times": PoolRealArray( 0, 1 ),
"transitions": PoolRealArray( 1, 1 ),
"update": 1,
"values": [ true, false ]
}

[sub_resource type="Animation" id=22]
resource_name = "disco"
length = 6.0
loop = true
tracks/0/type = "value"
tracks/0/path = NodePath("CanvasModulate:color")
tracks/0/interp = 1
tracks/0/loop_wrap = true
tracks/0/imported = false
tracks/0/enabled = true
tracks/0/keys = {
"times": PoolRealArray( 0, 1.5, 3, 4.5, 6 ),
"transitions": PoolRealArray( 1, 1, 1, 1, 1 ),
"update": 0,
"values": [ Color( 1, 0.615686, 0.615686, 1 ), Color( 0.968627, 1, 0.615686, 1 ), Color( 0.615686, 1, 0.623529, 1 ), Color( 0.615686, 0.623529, 1, 1 ), Color( 1, 0.615686, 0.615686, 1 ) ]
}

[sub_resource type="Animation" id=23]
resource_name = "hide"
length = 1.8
tracks/0/type = "value"
tracks/0/path = NodePath("level:modulate")
tracks/0/interp = 1
tracks/0/loop_wrap = true
tracks/0/imported = false
tracks/0/enabled = true
tracks/0/keys = {
"times": PoolRealArray( 0, 0.5 ),
"transitions": PoolRealArray( 1, 1 ),
"update": 0,
"values": [ Color( 1, 1, 1, 1 ), Color( 1, 1, 1, 0 ) ]
}
tracks/1/type = "value"
tracks/1/path = NodePath("playercontainer:modulate")
tracks/1/interp = 1
tracks/1/loop_wrap = true
tracks/1/imported = false
tracks/1/enabled = true
tracks/1/keys = {
"times": PoolRealArray( 0, 0.5 ),
"transitions": PoolRealArray( 1, 1 ),
"update": 0,
"values": [ Color( 1, 1, 1, 1 ), Color( 1, 1, 1, 0 ) ]
}

[sub_resource type="Animation" id=24]
length = 0.5
tracks/0/type = "value"
tracks/0/path = NodePath("playercontainer:modulate")
tracks/0/interp = 1
tracks/0/loop_wrap = true
tracks/0/imported = false
tracks/0/enabled = true
tracks/0/keys = {
"times": PoolRealArray( 0, 0.5 ),
"transitions": PoolRealArray( 1, 1 ),
"update": 0,
"values": [ Color( 1, 1, 1, 0 ), Color( 1, 1, 1, 1 ) ]
}
tracks/1/type = "value"
tracks/1/path = NodePath("level:modulate")
tracks/1/interp = 1
tracks/1/loop_wrap = true
tracks/1/imported = false
tracks/1/enabled = true
tracks/1/keys = {
"times": PoolRealArray( 0, 0.5 ),
"transitions": PoolRealArray( 1, 1 ),
"update": 0,
"values": [ Color( 1, 1, 1, 0 ), Color( 1, 1, 1, 1 ) ]
}

[sub_resource type="Animation" id=25]
length = 5.5
tracks/0/type = "value"
tracks/0/path = NodePath("")
tracks/0/interp = 1
tracks/0/loop_wrap = true
tracks/0/imported = false
tracks/0/enabled = true
tracks/0/keys = {
"times": PoolRealArray( 0, 0.5 ),
"transitions": PoolRealArray( 1, 1 ),
"update": 0,
"values": [ Color( 1, 1, 1, 1 ), Color( 1, 1, 1, 0 ) ]
}
tracks/1/type = "value"
tracks/1/path = NodePath("playercontainer:modulate")
tracks/1/interp = 1
tracks/1/loop_wrap = true
tracks/1/imported = false
tracks/1/enabled = true
tracks/1/keys = {
"times": PoolRealArray( 0, 0.5 ),
"transitions": PoolRealArray( 1, 1 ),
"update": 0,
"values": [ Color( 1, 1, 1, 1 ), Color( 1, 1, 1, 0 ) ]
}
tracks/2/type = "value"
tracks/2/path = NodePath("gui/sound/healing:playing")
tracks/2/interp = 1
tracks/2/loop_wrap = true
tracks/2/imported = false
tracks/2/enabled = true
tracks/2/keys = {
"times": PoolRealArray( 0.5 ),
"transitions": PoolRealArray( 1 ),
"update": 1,
"values": [ true ]
}
tracks/3/type = "value"
tracks/3/path = NodePath("music:volume_db")
tracks/3/interp = 1
tracks/3/loop_wrap = true
tracks/3/imported = false
tracks/3/enabled = true
tracks/3/keys = {
"times": PoolRealArray( 0, 0.5 ),
"transitions": PoolRealArray( 1, 1 ),
"update": 0,
"values": [ 0.0, -80.0 ]
}
tracks/4/type = "value"
tracks/4/path = NodePath("level:modulate")
tracks/4/interp = 1
tracks/4/loop_wrap = true
tracks/4/imported = false
tracks/4/enabled = true
tracks/4/keys = {
"times": PoolRealArray( 0, 0.5 ),
"transitions": PoolRealArray( 1, 1 ),
"update": 0,
"values": [ Color( 1, 1, 1, 1 ), Color( 1, 1, 1, 0 ) ]
}

[sub_resource type="Animation" id=26]
resource_name = "wake"
length = 0.5
tracks/0/type = "value"
tracks/0/path = NodePath("playercontainer:modulate")
tracks/0/interp = 1
tracks/0/loop_wrap = true
tracks/0/imported = false
tracks/0/enabled = true
tracks/0/keys = {
"times": PoolRealArray( 0, 0.5 ),
"transitions": PoolRealArray( 1, 1 ),
"update": 0,
"values": [ Color( 1, 1, 1, 0 ), Color( 1, 1, 1, 1 ) ]
}
tracks/1/type = "value"
tracks/1/path = NodePath("level:modulate")
tracks/1/interp = 1
tracks/1/loop_wrap = true
tracks/1/imported = false
tracks/1/enabled = true
tracks/1/keys = {
"times": PoolRealArray( 0, 0.5 ),
"transitions": PoolRealArray( 1, 1 ),
"update": 0,
"values": [ Color( 1, 1, 1, 0 ), Color( 1, 1, 1, 1 ) ]
}
tracks/2/type = "value"
tracks/2/path = NodePath("music:volume_db")
tracks/2/interp = 1
tracks/2/loop_wrap = true
tracks/2/imported = false
tracks/2/enabled = true
tracks/2/keys = {
"times": PoolRealArray( 0, 0.5 ),
"transitions": PoolRealArray( 1, 1 ),
"update": 0,
"values": [ -80.0, 0.0 ]
}

[node name="world" type="Node2D"]
pause_mode = 2
script = ExtResource( 1 )
__meta__ = {
"__editor_plugin_screen__": "2D"
}

[node name="CanvasModulate" type="CanvasModulate" parent="."]
color = Color( 1, 0.615686, 0.615686, 1 )

[node name="level" type="Node2D" parent="."]
pause_mode = 1
__meta__ = {
"_edit_lock_": true
}

[node name="LVL_CATACOMB" parent="level" instance=ExtResource( 2 )]

[node name="playercontainer" type="Node2D" parent="."]
pause_mode = 1
__meta__ = {
"_edit_lock_": true
}

[node name="gui" type="Node2D" parent="."]
pause_mode = 2

[node name="hpcontainer" type="Node2D" parent="gui"]
pause_mode = 1
z_index = 5

[node name="CanvasLayer" type="CanvasLayer" parent="gui"]

[node name="hud" type="Control" parent="gui/CanvasLayer"]
pause_mode = 1
margin_right = 40.0
margin_bottom = 40.0
size_flags_horizontal = 2
size_flags_vertical = 2
script = ExtResource( 3 )

[node name="SpellIcons" type="Node2D" parent="gui/CanvasLayer/hud"]
position = Vector2( 624, 40 )

[node name="fire" type="Sprite" parent="gui/CanvasLayer/hud/SpellIcons"]
visible = false
texture = ExtResource( 4 )

[node name="ice" type="Sprite" parent="gui/CanvasLayer/hud/SpellIcons"]
visible = false
texture = ExtResource( 5 )

[node name="thunder" type="Sprite" parent="gui/CanvasLayer/hud/SpellIcons"]
visible = false
texture = ExtResource( 6 )

[node name="hex" type="Sprite" parent="gui/CanvasLayer/hud/SpellIcons"]
visible = false
texture = ExtResource( 7 )

[node name="magicmine" type="Sprite" parent="gui/CanvasLayer/hud/SpellIcons"]
visible = false
texture = ExtResource( 8 )

[node name="shield" type="Sprite" parent="gui/CanvasLayer/hud/SpellIcons"]
visible = false
texture = ExtResource( 9 )

[node name="void" type="Sprite" parent="gui/CanvasLayer/hud/SpellIcons"]
visible = false
texture = ExtResource( 10 )

[node name="earth" type="Sprite" parent="gui/CanvasLayer/hud/SpellIcons"]
visible = false
texture = ExtResource( 11 )

[node name="wind" type="Sprite" parent="gui/CanvasLayer/hud/SpellIcons"]
visible = false
texture = ExtResource( 12 )

[node name="Label" type="Label" parent="gui/CanvasLayer/hud"]
margin_left = 606.0
margin_top = 56.0
margin_right = 642.0
margin_bottom = 65.0
size_flags_horizontal = 2
size_flags_vertical = 0
custom_fonts/font = ExtResource( 13 )
text = "KEY_SPELL"
align = 1

[node name="mpbar" type="Node2D" parent="gui/CanvasLayer/hud"]

[node name="bar" type="Polygon2D" parent="gui/CanvasLayer/hud/mpbar"]
position = Vector2( 40, 56 )
color = Color( 0.0627451, 0.698039, 0.235294, 0.901961 )
polygon = PoolVector2Array( 0, 0, 500, 0, 500, 6, 0, 6 )

[node name="prebar" type="Polygon2D" parent="gui/CanvasLayer/hud/mpbar"]
position = Vector2( 40, 56 )
color = Color( 1, 0.764706, 0.0588235, 0.901961 )
polygon = PoolVector2Array( 0, 0, 500, 0, 500, 6, 0, 6 )

[node name="display" type="Sprite" parent="gui/CanvasLayer/hud/mpbar"]
texture = ExtResource( 14 )
centered = false

[node name="hpbar" type="Node2D" parent="gui/CanvasLayer/hud"]

[node name="bar" type="Polygon2D" parent="gui/CanvasLayer/hud/hpbar"]
position = Vector2( 40, 28 )
color = Color( 0, 0.411765, 1, 0.901961 )
polygon = PoolVector2Array( 0, 0, 500, 0, 500, 11, 0, 11 )

[node name="display" type="Sprite" parent="gui/CanvasLayer/hud/hpbar"]
material = SubResource( 2 )
use_parent_material = true
texture = ExtResource( 15 )
centered = false

[node name="level" type="Label" parent="gui/CanvasLayer/hud/hpbar"]
margin_left = 14.0
margin_top = 27.0
margin_right = 34.0
margin_bottom = 37.0
size_flags_horizontal = 2
size_flags_vertical = 0
custom_fonts/font = ExtResource( 16 )
align = 1

[node name="levelup" type="Node2D" parent="gui/CanvasLayer/hud"]
position = Vector2( 18, 68 )

[node name="Label" type="Label" parent="gui/CanvasLayer/hud/levelup"]
margin_right = 40.0
margin_bottom = 13.0
size_flags_horizontal = 2
size_flags_vertical = 0
custom_fonts/font = ExtResource( 17 )
text = "KEY_LEVELUP"

[node name="bloodbar" type="Node2D" parent="gui/CanvasLayer/hud"]
position = Vector2( 740, 48 )

[node name="bar" type="Polygon2D" parent="gui/CanvasLayer/hud/bloodbar"]
material = SubResource( 4 )
position = Vector2( -1, -1 )
color = Color( 1, 0, 0, 0.901961 )
texture = SubResource( 5 )
polygon = PoolVector2Array( -32, -32, 32, -32, 32, 32, -32, 32 )

[node name="display" type="Sprite" parent="gui/CanvasLayer/hud/bloodbar"]
material = SubResource( 7 )
use_parent_material = true
texture = ExtResource( 19 )

[node name="bloodcounter" type="Node2D" parent="gui/CanvasLayer/hud"]
position = Vector2( 720, 96 )

[node name="icon" type="Sprite" parent="gui/CanvasLayer/hud/bloodcounter"]
material = SubResource( 9 )
texture = ExtResource( 20 )
centered = false

[node name="counter" type="Label" parent="gui/CanvasLayer/hud/bloodcounter"]
margin_left = 20.0
margin_right = 60.0
margin_bottom = 23.0
size_flags_horizontal = 2
size_flags_vertical = 0
custom_fonts/font = ExtResource( 21 )
text = "0"
valign = 1

[node name="AnimationPlayer" type="AnimationPlayer" parent="gui/CanvasLayer/hud"]
anims/levelup = SubResource( 10 )

[node name="demo" type="Control" parent="gui/CanvasLayer"]
margin_top = -1.0
margin_right = 40.0
margin_bottom = 39.0
size_flags_horizontal = 2
size_flags_vertical = 2

[node name="RichTextLabel" type="RichTextLabel" parent="gui/CanvasLayer/demo"]
anchor_left = 1.0
anchor_right = 1.0
margin_left = -40.0
margin_top = 128.0
margin_right = 760.0
margin_bottom = 160.0
size_flags_horizontal = 2
size_flags_vertical = 2
custom_fonts/bold_font = ExtResource( 22 )
custom_fonts/normal_font = ExtResource( 23 )
bbcode_enabled = true
bbcode_text = "[right]KEY_HELP [b][/b][/right]"
text = "KEY_HELP "

[node name="items" type="Control" parent="gui/CanvasLayer"]
pause_mode = 1
margin_left = 512.0
margin_top = 488.0
margin_right = 752.0
margin_bottom = 588.0
size_flags_horizontal = 2
size_flags_vertical = 2
script = ExtResource( 24 )

[node name="container" type="Node2D" parent="gui/CanvasLayer/items"]
position = Vector2( 192, 84 )

[node name="input" type="Label" parent="gui/CanvasLayer/items"]
margin_left = 240.0
margin_top = 53.0
margin_right = 280.0
margin_bottom = 84.0
size_flags_horizontal = 2
size_flags_vertical = 0
custom_fonts/font = ExtResource( 22 )
text = "K"
align = 1
valign = 1

[node name="talk" type="RichTextLabel" parent="gui/CanvasLayer"]
margin_top = 552.0
margin_right = 800.0
margin_bottom = 584.0
size_flags_horizontal = 2
size_flags_vertical = 2
custom_fonts/mono_font = ExtResource( 22 )
custom_fonts/normal_font = ExtResource( 25 )
bbcode_enabled = true
bbcode_text = "[center]KEY_TALK:  [code]Z[/code][/center]"
text = "KEY_TALK:  Z"

[node name="map" type="Control" parent="gui/CanvasLayer"]
margin_right = 40.0
margin_bottom = 40.0
size_flags_horizontal = 2
size_flags_vertical = 2

[node name="container" type="Polygon2D" parent="gui/CanvasLayer/map"]
position = Vector2( 0, 416 )
color = Color( 1, 1, 1, 0 )
polygon = PoolVector2Array( 0, 0, 256, 0, 256, 176, 0, 176 )
script = ExtResource( 26 )

[node name="objects" type="Node2D" parent="gui/CanvasLayer/map/container"]
show_behind_parent = true

[node name="chain" type="Control" parent="gui/CanvasLayer"]
margin_right = 40.0
margin_bottom = 40.0
size_flags_horizontal = 2
size_flags_vertical = 2

[node name="chaintext" type="Node2D" parent="gui/CanvasLayer/chain"]
position = Vector2( 32, 211 )

[node name="chain" type="Label" parent="gui/CanvasLayer/chain/chaintext"]
margin_right = 112.0
margin_bottom = 31.0
size_flags_horizontal = 2
size_flags_vertical = 0
custom_fonts/font = ExtResource( 17 )
text = "chain x"

[node name="counterGroup" type="Node2D" parent="gui/CanvasLayer/chain/chaintext"]
position = Vector2( 100, 0 )

[node name="counter" type="Label" parent="gui/CanvasLayer/chain/chaintext/counterGroup"]
anchor_top = 1.0
anchor_bottom = 1.0
margin_right = 44.0
margin_bottom = 30.0
size_flags_horizontal = 2
size_flags_vertical = 0
custom_fonts/font = ExtResource( 17 )
text = "100"
valign = 1

[node name="newattack" type="Node2D" parent="gui/CanvasLayer/chain"]
position = Vector2( 32, 186 )

[node name="newattack_text" type="Label" parent="gui/CanvasLayer/chain/newattack"]
margin_top = -15.0
margin_right = 240.0
margin_bottom = 16.0
size_flags_horizontal = 2
size_flags_vertical = 0
custom_fonts/font = ExtResource( 17 )
text = "KEY_NEWATTACK"
uppercase = true

[node name="AnimationPlayer" type="AnimationPlayer" parent="gui/CanvasLayer/chain"]
anims/appear = SubResource( 11 )
anims/counter = SubResource( 12 )
anims/newattack = SubResource( 13 )

[node name="level" type="Control" parent="gui/CanvasLayer"]
pause_mode = 1
margin_right = 40.0
margin_bottom = 40.0
size_flags_horizontal = 2
size_flags_vertical = 2

[node name="title" type="Label" parent="gui/CanvasLayer/level"]
modulate = Color( 1, 1, 1, 0 )
anchor_left = 1.0
anchor_top = 1.0
anchor_right = 1.0
anchor_bottom = 1.0
margin_left = -40.0
margin_top = 284.0
margin_right = 760.0
margin_bottom = 467.0
rect_scale = Vector2( 0.5, 0.5 )
rect_pivot_offset = Vector2( 400, 0 )
size_flags_horizontal = 2
size_flags_vertical = 0
custom_fonts/font = ExtResource( 27 )
text = "COMPLETE"
align = 1
valign = 1
autowrap = true

[node name="newlevel" type="Label" parent="gui/CanvasLayer/level/title"]
margin_top = 144.0
margin_right = 800.0
margin_bottom = 163.0
size_flags_horizontal = 2
size_flags_vertical = 0
custom_fonts/font = ExtResource( 23 )
text = "KEY_NEWLEVEL"
align = 1
valign = 1

[node name="icon" type="Sprite" parent="gui/CanvasLayer/level/title/newlevel"]
position = Vector2( 400, 32 )
texture = ExtResource( 28 )

[node name="AnimationPlayer" type="AnimationPlayer" parent="gui/CanvasLayer/level"]
anims/quest = SubResource( 14 )
anims/show = SubResource( 15 )

[node name="dialogue" parent="gui/CanvasLayer" instance=ExtResource( 29 )]

[node name="pause" type="Control" parent="gui/CanvasLayer"]
anchor_right = 1.0
anchor_bottom = 1.0
margin_right = 24.0
margin_bottom = 24.0
size_flags_horizontal = 2
size_flags_vertical = 2
__meta__ = {
"_edit_lock_": true
}

[node name="shield" type="Sprite" parent="gui/CanvasLayer/pause"]
self_modulate = Color( 1, 1, 1, 0.590791 )
texture = SubResource( 16 )
centered = false

[node name="menu" parent="gui/CanvasLayer/pause" instance=ExtResource( 30 )]
visible = false
margin_left = 32.0
margin_top = 32.0
margin_right = 768.0
margin_bottom = 560.0

[node name="achievements" type="Control" parent="gui/CanvasLayer"]
grow_horizontal = 2
rect_pivot_offset = Vector2( 400, 0 )
size_flags_horizontal = 4
__meta__ = {
"_edit_use_anchors_": false
}

[node name="Achievement" parent="gui/CanvasLayer/achievements" instance=ExtResource( 43 )]
margin_left = 0.0
margin_top = 64.0
margin_right = 800.0
margin_bottom = 174.0

[node name="choice" type="Control" parent="gui/CanvasLayer"]
anchor_right = 1.0
anchor_bottom = 1.0
margin_right = 24.0
margin_bottom = 24.0
size_flags_horizontal = 2
size_flags_vertical = 2

[node name="gameover" type="Label" parent="gui/CanvasLayer/choice"]
visible = false
anchor_left = 1.0
anchor_top = 1.0
anchor_right = 1.0
anchor_bottom = 1.0
margin_left = -824.0
margin_top = -340.0
margin_right = -24.0
margin_bottom = -250.0
size_flags_horizontal = 2
size_flags_vertical = 0
custom_fonts/font = ExtResource( 27 )
text = "KEY_GAMEOVER"
align = 1
valign = 1
uppercase = true

[node name="continue" type="Label" parent="gui/CanvasLayer/choice"]
anchor_left = 1.0
anchor_top = 1.0
anchor_right = 1.0
anchor_bottom = 1.0
margin_left = -824.0
margin_top = -500.0
margin_right = -24.0
margin_bottom = -470.0
size_flags_horizontal = 2
size_flags_vertical = 0
custom_fonts/font = ExtResource( 17 )
text = "KEY_CONTINUE"
align = 1
valign = 1
uppercase = true

[node name="yes" parent="gui/CanvasLayer/choice" instance=ExtResource( 31 )]
position = Vector2( 256, 404 )
default_focus = true

[node name="button" parent="gui/CanvasLayer/choice/yes" index="0"]
margin_right = 68.0
focus_neighbour_right = NodePath("../../no/button")
text = "KEY_YES"

[node name="no" parent="gui/CanvasLayer/choice" instance=ExtResource( 31 )]
position = Vector2( 544, 404 )

[node name="button" parent="gui/CanvasLayer/choice/no" index="0"]
margin_right = 56.0
focus_neighbour_left = NodePath("../../yes/button")
text = "KEY_NO"

[node name="sequences" type="Control" parent="gui/CanvasLayer"]
visible = false
margin_right = 40.0
margin_bottom = 40.0
size_flags_horizontal = 2
size_flags_vertical = 2

[node name="demonic" type="Node2D" parent="gui/CanvasLayer/sequences"]

[node name="BG" type="TextureRect" parent="gui/CanvasLayer/sequences/demonic"]
material = SubResource( 18 )
anchor_right = 1.0
anchor_bottom = 1.0
margin_top = 300.0
margin_right = 736.0
margin_bottom = 436.0
size_flags_horizontal = 2
size_flags_vertical = 2
texture = SubResource( 19 )
expand = true

[node name="Particles2D" type="Particles2D" parent="gui/CanvasLayer/sequences/demonic"]
position = Vector2( 400, 400 )
amount = 12
lifetime = 2.0
speed_scale = 20.0
process_material = SubResource( 20 )
texture = ExtResource( 32 )

[node name="sprite" type="Node2D" parent="gui/CanvasLayer/sequences/demonic"]
position = Vector2( -800, 0 )

[node name="friederich" type="Sprite" parent="gui/CanvasLayer/sequences/demonic/sprite"]
scale = Vector2( 0.45, 0.45 )
texture = ExtResource( 33 )
centered = false
offset = Vector2( 0, 74 )

[node name="adela" type="Sprite" parent="gui/CanvasLayer/sequences/demonic/sprite"]
visible = false
scale = Vector2( 0.55, 0.55 )
texture = ExtResource( 34 )
centered = false
offset = Vector2( 0, 74 )

[node name="skip" type="RichTextLabel" parent="gui/CanvasLayer/sequences"]
margin_left = 512.0
margin_top = 552.0
margin_right = 768.0
margin_bottom = 584.0
size_flags_horizontal = 2
size_flags_vertical = 2
custom_fonts/mono_font = ExtResource( 22 )
custom_fonts/normal_font = ExtResource( 25 )
bbcode_enabled = true
bbcode_text = "[right]KEY_SKIP:  [code]Z[/code][/right]"
text = "KEY_SKIP:  Z"

[node name="AnimationPlayer" type="AnimationPlayer" parent="gui/CanvasLayer/sequences"]
anims/demonic = SubResource( 21 )

[node name="loading" parent="gui/CanvasLayer" instance=ExtResource( 35 )]
visible = false

[node name="nofocus" type="Control" parent="gui/CanvasLayer"]
visible = false
margin_right = 40.0
margin_bottom = 40.0
size_flags_horizontal = 2
size_flags_vertical = 2

[node name="shield" type="TextureRect" parent="gui/CanvasLayer/nofocus"]
self_modulate = Color( 1, 1, 1, 0.590791 )
margin_right = 800.0
margin_bottom = 592.0
size_flags_horizontal = 2
size_flags_vertical = 2
texture = SubResource( 16 )

[node name="text" type="Label" parent="gui/CanvasLayer/nofocus"]
margin_right = 800.0
margin_bottom = 592.0
size_flags_horizontal = 2
size_flags_vertical = 0
custom_fonts/font = ExtResource( 27 )
text = "- PAUSED -"
align = 1
valign = 1

[node name="logo" type="Sprite" parent="gui/CanvasLayer/nofocus"]
position = Vector2( 400, 448 )
scale = Vector2( 0.4, 0.4 )
texture = ExtResource( 36 )

[node name="sound" type="Node" parent="gui"]

[node name="confirm" type="AudioStreamPlayer" parent="gui/sound"]
stream = ExtResource( 37 )
bus = "SFX"

[node name="cursor" type="AudioStreamPlayer" parent="gui/sound"]
stream = ExtResource( 38 )
bus = "SFX"

[node name="demonic" type="AudioStreamPlayer" parent="gui/sound"]
stream = ExtResource( 39 )
bus = "SFX"

[node name="teleport" type="AudioStreamPlayer" parent="gui/sound"]
stream = ExtResource( 40 )
bus = "SFX"

[node name="healing" type="AudioStreamPlayer" parent="gui/sound"]
stream = ExtResource( 45 )
bus = "BGM"

[node name="music" type="AudioStreamPlayer" parent="."]
stream = ExtResource( 41 )
bus = "BGM"

[node name="fade" type="Tween" parent="."]
script = ExtResource( 44 )

[node name="AnimationPlayer" type="AnimationPlayer" parent="."]
anims/disco = SubResource( 22 )
anims/hide = SubResource( 23 )
anims/show = SubResource( 24 )
anims/sleep = SubResource( 25 )
anims/wake = SubResource( 26 )

[node name="gameclock" type="Node2D" parent="."]
script = ExtResource( 42 )

[connection signal="pressed" from="gui/CanvasLayer/choice/yes/button" to="." method="confirm_selected"]
[connection signal="tween_completed" from="fade" to="fade" method="_on_fade_tween_completed"]

[editable path="gui/CanvasLayer/choice/yes"]
[editable path="gui/CanvasLayer/choice/no"]
