[gd_scene load_steps=9 format=2]

[ext_resource path="res://scenes/namelessisland/BGs/floor.png" type="Texture" id=1]
[ext_resource path="res://scenes/namelessisland/BGs/corner.png" type="Texture" id=2]
[ext_resource path="res://scenes/namelessisland/BGs/wall.png" type="Texture" id=3]
[ext_resource path="res://scenes/namelessisland/BGs/pillar.png" type="Texture" id=4]
[ext_resource path="res://scenes/namelessisland/BGs/window.png" type="Texture" id=5]
[ext_resource path="res://scenes/namelessisland/BGs/arch.png" type="Texture" id=6]

[sub_resource type="RectangleShape2D" id=1]
extents = Vector2( 16, 16 )

[sub_resource type="ImageTexture" id=2]
size = Vector2( 32, 32 )

[node name="Node2D" type="Node2D"]

[node name="floor" type="Sprite" parent="."]
editor/display_folded = true
texture = ExtResource( 1 )

[node name="StaticBody2D" type="StaticBody2D" parent="floor"]

[node name="CollisionShape2D" type="CollisionShape2D" parent="floor/StaticBody2D"]
shape = SubResource( 1 )

[node name="corner" type="Sprite" parent="."]
editor/display_folded = true
position = Vector2( 32, 0 )
texture = ExtResource( 2 )

[node name="StaticBody2D" type="StaticBody2D" parent="corner"]

[node name="CollisionShape2D" type="CollisionShape2D" parent="corner/StaticBody2D"]
shape = SubResource( 1 )

[node name="wall" type="Sprite" parent="."]
editor/display_folded = true
position = Vector2( 96, 0 )
texture = ExtResource( 3 )

[node name="StaticBody2D" type="StaticBody2D" parent="wall"]

[node name="CollisionShape2D" type="CollisionShape2D" parent="wall/StaticBody2D"]
shape = SubResource( 1 )

[node name="void" type="Sprite" parent="."]
editor/display_folded = true
position = Vector2( 64, 0 )
texture = SubResource( 2 )

[node name="StaticBody2D" type="StaticBody2D" parent="void"]

[node name="CollisionShape2D" type="CollisionShape2D" parent="void/StaticBody2D"]
shape = SubResource( 1 )

[node name="pillar" type="Sprite" parent="."]
position = Vector2( 0, 32 )
texture = ExtResource( 4 )

[node name="bg" type="Sprite" parent="."]
position = Vector2( 32, 32 )
texture = ExtResource( 5 )

[node name="arch" type="Sprite" parent="."]
position = Vector2( 16, 128 )
texture = ExtResource( 6 )
