[gd_scene load_steps=23 format=2]

[ext_resource path="res://scenes/common/damagables/statues/Statue.gd" type="Script" id=1]
[ext_resource path="res://scenes/common/damagables/statues/statue3.png" type="Texture" id=2]
[ext_resource path="res://players/magic/fire/magic.png" type="Texture" id=3]
[ext_resource path="res://scenes/common/damagables/statues/die.wav" type="AudioStream" id=4]
[ext_resource path="res://scenes/common/stun.tscn" type="PackedScene" id=5]
[ext_resource path="res://scenes/common/damagables/attacks/fireball.wav" type="AudioStream" id=6]

[sub_resource type="ParticlesMaterial" id=1]
flag_disable_z = true
spread = 0.0
gravity = Vector3( 0, 0, 0 )
angular_velocity = -2.99373e+08
orbit_velocity = 0.0
orbit_velocity_random = 0.0
color = Color( 1, 0.726562, 0, 1 )
anim_speed = 1.0

[sub_resource type="CanvasItemMaterial" id=2]
blend_mode = 1

[sub_resource type="Gradient" id=3]
offsets = PoolRealArray( 0, 0.514793, 0.982249 )
colors = PoolColorArray( 0, 0, 0, 1, 1, 0.62, 0, 1, 1, 1, 1, 0 )

[sub_resource type="GradientTexture" id=4]
gradient = SubResource( 3 )

[sub_resource type="Curve" id=5]
_data = [ Vector2( 0, 1 ), 0.0, 0.0, 0, 0, Vector2( 1, 0.424805 ), 0.0, 0.0, 0, 0 ]

[sub_resource type="CurveTexture" id=6]
curve = SubResource( 5 )

[sub_resource type="ParticlesMaterial" id=7]
emission_shape = 1
emission_sphere_radius = 2.0
flag_disable_z = true
spread = 0.0
gravity = Vector3( 0, -16, 0 )
orbit_velocity = 0.0
orbit_velocity_random = 0.0
angle = -90.0
angle_random = 1.0
scale = 0.7
scale_curve = SubResource( 6 )
color_ramp = SubResource( 4 )
anim_speed = 1.0

[sub_resource type="ParticlesMaterial" id=8]
flag_disable_z = true
spread = 0.0
gravity = Vector3( 0, 128, 0 )
initial_velocity_random = 1.0
angular_velocity = 64.0
angular_velocity_random = 1.0
orbit_velocity = 0.0
orbit_velocity_random = 0.0
linear_accel = 100.0
linear_accel_random = 1.0
damping_random = 1.0
angle_random = 1.0
scale = 1.5
scale_random = 1.0
color = Color( 0.392157, 0.313726, 0.313726, 1 )
anim_speed = 1.0

[sub_resource type="Curve" id=9]
_data = [ Vector2( 0, 1 ), 0.0, 0.0, 0, 0, Vector2( 1, 0 ), 0.0, 0.0, 0, 0 ]

[sub_resource type="CurveTexture" id=10]
curve = SubResource( 9 )

[sub_resource type="ParticlesMaterial" id=11]
emission_shape = 2
emission_box_extents = Vector3( 72, 72, 1 )
flag_disable_z = true
spread = 0.0
gravity = Vector3( 0, 64, 0 )
initial_velocity_random = 1.0
angular_velocity = 3.0
angular_velocity_random = 1.0
orbit_velocity = 0.0
orbit_velocity_random = 0.0
linear_accel = 32.0
linear_accel_random = 1.0
radial_accel = 32.0
tangential_accel = 10.0
damping = 64.0
damping_random = 1.0
angle = 180.0
angle_random = 1.0
scale = 2.0
scale_curve = SubResource( 10 )
color = Color( 0.392157, 0.313726, 0.313726, 1 )
anim_speed = 1.0

[sub_resource type="Animation" id=12]
length = 0.1
tracks/0/type = "value"
tracks/0/path = NodePath("die:visible")
tracks/0/interp = 1
tracks/0/loop_wrap = true
tracks/0/imported = false
tracks/0/enabled = true
tracks/0/keys = {
"times": PoolRealArray( 0 ),
"transitions": PoolRealArray( 1 ),
"update": 1,
"values": [ false ]
}
tracks/1/type = "value"
tracks/1/path = NodePath("walk:visible")
tracks/1/interp = 1
tracks/1/loop_wrap = true
tracks/1/imported = false
tracks/1/enabled = true
tracks/1/keys = {
"times": PoolRealArray( 0 ),
"transitions": PoolRealArray( 1 ),
"update": 1,
"values": [ false ]
}
tracks/2/type = "value"
tracks/2/path = NodePath("walk:frame")
tracks/2/interp = 1
tracks/2/loop_wrap = true
tracks/2/imported = false
tracks/2/enabled = true
tracks/2/keys = {
"times": PoolRealArray( 0, 0.5, 0.6, 0.7 ),
"transitions": PoolRealArray( 1, 1, 1, 1 ),
"update": 1,
"values": [ 1, 5, 6, 7 ]
}
tracks/3/type = "value"
tracks/3/path = NodePath("hurt:visible")
tracks/3/interp = 1
tracks/3/loop_wrap = true
tracks/3/imported = false
tracks/3/enabled = true
tracks/3/keys = {
"times": PoolRealArray( 0 ),
"transitions": PoolRealArray( 1 ),
"update": 1,
"values": [ false ]
}
tracks/4/type = "value"
tracks/4/path = NodePath("attack:visible")
tracks/4/interp = 1
tracks/4/loop_wrap = true
tracks/4/imported = false
tracks/4/enabled = true
tracks/4/keys = {
"times": PoolRealArray( 0 ),
"transitions": PoolRealArray( 1 ),
"update": 1,
"values": [ true ]
}
tracks/5/type = "value"
tracks/5/path = NodePath("eye:visible")
tracks/5/interp = 1
tracks/5/loop_wrap = true
tracks/5/imported = false
tracks/5/enabled = true
tracks/5/keys = {
"times": PoolRealArray( 0 ),
"transitions": PoolRealArray( 1 ),
"update": 1,
"values": [ true ]
}
tracks/6/type = "value"
tracks/6/path = NodePath("explode:emitting")
tracks/6/interp = 1
tracks/6/loop_wrap = true
tracks/6/imported = false
tracks/6/enabled = true
tracks/6/keys = {
"times": PoolRealArray( 0 ),
"transitions": PoolRealArray( 1 ),
"update": 1,
"values": [ false ]
}
tracks/7/type = "value"
tracks/7/path = NodePath("flame:emitting")
tracks/7/interp = 1
tracks/7/loop_wrap = true
tracks/7/imported = false
tracks/7/enabled = true
tracks/7/keys = {
"times": PoolRealArray( 0 ),
"transitions": PoolRealArray( 1 ),
"update": 1,
"values": [ true ]
}
tracks/8/type = "value"
tracks/8/path = NodePath("dust:visible")
tracks/8/interp = 1
tracks/8/loop_wrap = true
tracks/8/imported = false
tracks/8/enabled = true
tracks/8/keys = {
"times": PoolRealArray( 0 ),
"transitions": PoolRealArray( 1 ),
"update": 1,
"values": [ false ]
}

[sub_resource type="Animation" id=13]
length = 0.6
tracks/0/type = "value"
tracks/0/path = NodePath("walk:visible")
tracks/0/interp = 1
tracks/0/loop_wrap = true
tracks/0/imported = false
tracks/0/enabled = true
tracks/0/keys = {
"times": PoolRealArray( 0 ),
"transitions": PoolRealArray( 1 ),
"update": 1,
"values": [ false ]
}
tracks/1/type = "value"
tracks/1/path = NodePath("die:visible")
tracks/1/interp = 1
tracks/1/loop_wrap = true
tracks/1/imported = false
tracks/1/enabled = true
tracks/1/keys = {
"times": PoolRealArray( 0 ),
"transitions": PoolRealArray( 1 ),
"update": 1,
"values": [ true ]
}
tracks/2/type = "value"
tracks/2/path = NodePath("hurt:visible")
tracks/2/interp = 1
tracks/2/loop_wrap = true
tracks/2/imported = false
tracks/2/enabled = true
tracks/2/keys = {
"times": PoolRealArray( 0 ),
"transitions": PoolRealArray( 1 ),
"update": 1,
"values": [ false ]
}
tracks/3/type = "value"
tracks/3/path = NodePath("attack:visible")
tracks/3/interp = 1
tracks/3/loop_wrap = true
tracks/3/imported = false
tracks/3/enabled = true
tracks/3/keys = {
"times": PoolRealArray( 0 ),
"transitions": PoolRealArray( 1 ),
"update": 1,
"values": [ false ]
}
tracks/4/type = "value"
tracks/4/path = NodePath("eye:visible")
tracks/4/interp = 1
tracks/4/loop_wrap = true
tracks/4/imported = false
tracks/4/enabled = true
tracks/4/keys = {
"times": PoolRealArray( 0 ),
"transitions": PoolRealArray( 1 ),
"update": 1,
"values": [ false ]
}
tracks/5/type = "value"
tracks/5/path = NodePath("explode:emitting")
tracks/5/interp = 1
tracks/5/loop_wrap = true
tracks/5/imported = false
tracks/5/enabled = true
tracks/5/keys = {
"times": PoolRealArray( 0, 0.6 ),
"transitions": PoolRealArray( 1, 1 ),
"update": 1,
"values": [ true, false ]
}
tracks/6/type = "value"
tracks/6/path = NodePath("die:self_modulate")
tracks/6/interp = 1
tracks/6/loop_wrap = true
tracks/6/imported = false
tracks/6/enabled = true
tracks/6/keys = {
"times": PoolRealArray( 0, 0.3 ),
"transitions": PoolRealArray( 1, 1 ),
"update": 0,
"values": [ Color( 0.392157, 0.313726, 0.313726, 1 ), Color( 0.313726, 0.360784, 0.392157, 0 ) ]
}
tracks/7/type = "value"
tracks/7/path = NodePath("SamplePlayer/die:playing")
tracks/7/interp = 1
tracks/7/loop_wrap = true
tracks/7/imported = false
tracks/7/enabled = true
tracks/7/keys = {
"times": PoolRealArray( 0, 0.9 ),
"transitions": PoolRealArray( 1, 1 ),
"update": 1,
"values": [ true, false ]
}
tracks/8/type = "value"
tracks/8/path = NodePath("flame:emitting")
tracks/8/interp = 1
tracks/8/loop_wrap = true
tracks/8/imported = false
tracks/8/enabled = true
tracks/8/keys = {
"times": PoolRealArray( 0 ),
"transitions": PoolRealArray( 1 ),
"update": 1,
"values": [ false ]
}

[sub_resource type="Animation" id=14]
length = 0.1
tracks/0/type = "value"
tracks/0/path = NodePath("walk:visible")
tracks/0/interp = 1
tracks/0/loop_wrap = true
tracks/0/imported = false
tracks/0/enabled = true
tracks/0/keys = {
"times": PoolRealArray( 0 ),
"transitions": PoolRealArray( 1 ),
"update": 1,
"values": [ false ]
}
tracks/1/type = "value"
tracks/1/path = NodePath("die:visible")
tracks/1/interp = 1
tracks/1/loop_wrap = true
tracks/1/imported = false
tracks/1/enabled = true
tracks/1/keys = {
"times": PoolRealArray( 0 ),
"transitions": PoolRealArray( 1 ),
"update": 1,
"values": [ false ]
}
tracks/2/type = "value"
tracks/2/path = NodePath("hurt:visible")
tracks/2/interp = 1
tracks/2/loop_wrap = true
tracks/2/imported = false
tracks/2/enabled = true
tracks/2/keys = {
"times": PoolRealArray( 0 ),
"transitions": PoolRealArray( 1 ),
"update": 1,
"values": [ true ]
}
tracks/3/type = "value"
tracks/3/path = NodePath("attack:visible")
tracks/3/interp = 1
tracks/3/loop_wrap = true
tracks/3/imported = false
tracks/3/enabled = true
tracks/3/keys = {
"times": PoolRealArray( 0 ),
"transitions": PoolRealArray( 1 ),
"update": 1,
"values": [ false ]
}
tracks/4/type = "value"
tracks/4/path = NodePath("eye:visible")
tracks/4/interp = 1
tracks/4/loop_wrap = true
tracks/4/imported = false
tracks/4/enabled = true
tracks/4/keys = {
"times": PoolRealArray( 0 ),
"transitions": PoolRealArray( 1 ),
"update": 1,
"values": [ true ]
}
tracks/5/type = "value"
tracks/5/path = NodePath("dust/dust:emitting")
tracks/5/interp = 1
tracks/5/loop_wrap = true
tracks/5/imported = false
tracks/5/enabled = true
tracks/5/keys = {
"times": PoolRealArray( 0 ),
"transitions": PoolRealArray( 1 ),
"update": 1,
"values": [ true ]
}
tracks/6/type = "value"
tracks/6/path = NodePath("dust/dust1:emitting")
tracks/6/interp = 1
tracks/6/loop_wrap = true
tracks/6/imported = false
tracks/6/enabled = true
tracks/6/keys = {
"times": PoolRealArray( 0 ),
"transitions": PoolRealArray( 1 ),
"update": 1,
"values": [ true ]
}
tracks/7/type = "value"
tracks/7/path = NodePath("dust/dust2:emitting")
tracks/7/interp = 1
tracks/7/loop_wrap = true
tracks/7/imported = false
tracks/7/enabled = true
tracks/7/keys = {
"times": PoolRealArray( 0 ),
"transitions": PoolRealArray( 1 ),
"update": 1,
"values": [ true ]
}
tracks/8/type = "value"
tracks/8/path = NodePath("dust/dust3:emitting")
tracks/8/interp = 1
tracks/8/loop_wrap = true
tracks/8/imported = false
tracks/8/enabled = true
tracks/8/keys = {
"times": PoolRealArray( 0 ),
"transitions": PoolRealArray( 1 ),
"update": 1,
"values": [ true ]
}
tracks/9/type = "value"
tracks/9/path = NodePath("dust/dust4:emitting")
tracks/9/interp = 1
tracks/9/loop_wrap = true
tracks/9/imported = false
tracks/9/enabled = true
tracks/9/keys = {
"times": PoolRealArray( 0 ),
"transitions": PoolRealArray( 1 ),
"update": 1,
"values": [ true ]
}
tracks/10/type = "value"
tracks/10/path = NodePath("flame:emitting")
tracks/10/interp = 1
tracks/10/loop_wrap = true
tracks/10/imported = false
tracks/10/enabled = true
tracks/10/keys = {
"times": PoolRealArray( 0 ),
"transitions": PoolRealArray( 1 ),
"update": 1,
"values": [ true ]
}
tracks/11/type = "value"
tracks/11/path = NodePath("dust:visible")
tracks/11/interp = 1
tracks/11/loop_wrap = true
tracks/11/imported = false
tracks/11/enabled = true
tracks/11/keys = {
"times": PoolRealArray( 0 ),
"transitions": PoolRealArray( 1 ),
"update": 1,
"values": [ true ]
}

[sub_resource type="Animation" id=15]
length = 0.1
loop = true
tracks/0/type = "value"
tracks/0/path = NodePath("die:visible")
tracks/0/interp = 1
tracks/0/loop_wrap = true
tracks/0/imported = false
tracks/0/enabled = true
tracks/0/keys = {
"times": PoolRealArray( 0 ),
"transitions": PoolRealArray( 1 ),
"update": 1,
"values": [ false ]
}
tracks/1/type = "value"
tracks/1/path = NodePath("walk:visible")
tracks/1/interp = 1
tracks/1/loop_wrap = true
tracks/1/imported = false
tracks/1/enabled = true
tracks/1/keys = {
"times": PoolRealArray( 0 ),
"transitions": PoolRealArray( 1 ),
"update": 1,
"values": [ true ]
}
tracks/2/type = "value"
tracks/2/path = NodePath("walk:frame")
tracks/2/interp = 1
tracks/2/loop_wrap = true
tracks/2/imported = false
tracks/2/enabled = true
tracks/2/keys = {
"times": PoolRealArray( 0, 0.5, 0.6, 0.7 ),
"transitions": PoolRealArray( 1, 1, 1, 1 ),
"update": 1,
"values": [ 0, 5, 6, 7 ]
}
tracks/3/type = "value"
tracks/3/path = NodePath("hurt:visible")
tracks/3/interp = 1
tracks/3/loop_wrap = true
tracks/3/imported = false
tracks/3/enabled = true
tracks/3/keys = {
"times": PoolRealArray( 0 ),
"transitions": PoolRealArray( 1 ),
"update": 1,
"values": [ false ]
}
tracks/4/type = "value"
tracks/4/path = NodePath("attack:visible")
tracks/4/interp = 1
tracks/4/loop_wrap = true
tracks/4/imported = false
tracks/4/enabled = true
tracks/4/keys = {
"times": PoolRealArray( 0 ),
"transitions": PoolRealArray( 1 ),
"update": 1,
"values": [ false ]
}
tracks/5/type = "value"
tracks/5/path = NodePath("eye:visible")
tracks/5/interp = 1
tracks/5/loop_wrap = true
tracks/5/imported = false
tracks/5/enabled = true
tracks/5/keys = {
"times": PoolRealArray( 0 ),
"transitions": PoolRealArray( 1 ),
"update": 1,
"values": [ true ]
}
tracks/6/type = "value"
tracks/6/path = NodePath("explode:emitting")
tracks/6/interp = 1
tracks/6/loop_wrap = true
tracks/6/imported = false
tracks/6/enabled = true
tracks/6/keys = {
"times": PoolRealArray( 0 ),
"transitions": PoolRealArray( 1 ),
"update": 1,
"values": [ false ]
}
tracks/7/type = "value"
tracks/7/path = NodePath("flame:emitting")
tracks/7/interp = 1
tracks/7/loop_wrap = true
tracks/7/imported = false
tracks/7/enabled = true
tracks/7/keys = {
"times": PoolRealArray( 0 ),
"transitions": PoolRealArray( 1 ),
"update": 1,
"values": [ true ]
}
tracks/8/type = "value"
tracks/8/path = NodePath("dust:visible")
tracks/8/interp = 1
tracks/8/loop_wrap = true
tracks/8/imported = false
tracks/8/enabled = true
tracks/8/keys = {
"times": PoolRealArray( 0 ),
"transitions": PoolRealArray( 1 ),
"update": 1,
"values": [ false ]
}

[sub_resource type="RectangleShape2D" id=16]
extents = Vector2( 96, 112 )

[node name="Statue3" type="KinematicBody2D"]
z_index = 1
script = ExtResource( 1 )
__meta__ = {
"__editor_plugin_screen__": "Script"
}
id = "statue3"
projectile_offset = Vector2( -80, -8 )

[node name="enabler" type="VisibilityEnabler2D" parent="."]
scale = Vector2( 5, 12 )

[node name="walk" type="Sprite" parent="."]
self_modulate = Color( 0.392157, 0.313726, 0.313726, 1 )
texture = ExtResource( 2 )
offset = Vector2( 0, 5 )

[node name="die" type="Sprite" parent="."]
visible = false
self_modulate = Color( 0.313726, 0.360784, 0.392157, 0 )
texture = ExtResource( 2 )
offset = Vector2( 0, 5 )

[node name="hurt" type="Sprite" parent="."]
visible = false
self_modulate = Color( 0.392157, 0.313726, 0.313726, 1 )
texture = ExtResource( 2 )
offset = Vector2( 0, 5 )

[node name="attack" type="Sprite" parent="."]
visible = false
self_modulate = Color( 0.392157, 0.313726, 0.313726, 1 )
texture = ExtResource( 2 )
offset = Vector2( 0, 5 )

[node name="eye" type="Particles2D" parent="."]
position = Vector2( -72, -33 )
process_material = SubResource( 1 )

[node name="flame" type="Particles2D" parent="."]
material = SubResource( 2 )
position = Vector2( 4, 76 )
rotation = 3.14159
amount = 4
local_coords = false
process_material = SubResource( 7 )
texture = ExtResource( 3 )

[node name="dust" type="Node2D" parent="."]
visible = false

[node name="dust" type="Particles2D" parent="dust"]
position = Vector2( -16, -48 )
emitting = false
amount = 96
one_shot = true
preprocess = 0.1
speed_scale = 4.0
process_material = SubResource( 8 )

[node name="dust1" type="Particles2D" parent="dust"]
position = Vector2( 4, 0 )
emitting = false
amount = 96
one_shot = true
preprocess = 0.1
speed_scale = 4.0
process_material = SubResource( 8 )

[node name="dust2" type="Particles2D" parent="dust"]
position = Vector2( -80, -24 )
emitting = false
amount = 96
one_shot = true
preprocess = 0.1
speed_scale = 4.0
process_material = SubResource( 8 )

[node name="dust3" type="Particles2D" parent="dust"]
position = Vector2( 48, -32 )
emitting = false
amount = 96
one_shot = true
preprocess = 0.1
speed_scale = 4.0
process_material = SubResource( 8 )

[node name="dust4" type="Particles2D" parent="dust"]
position = Vector2( 64, 16 )
emitting = false
amount = 96
one_shot = true
preprocess = 0.1
speed_scale = 4.0
process_material = SubResource( 8 )

[node name="explode" type="Particles2D" parent="."]
emitting = false
amount = 512
lifetime = 2.0
preprocess = 0.1
speed_scale = 6.0
local_coords = false
process_material = SubResource( 11 )

[node name="AnimationPlayer" type="AnimationPlayer" parent="."]
autoplay = "walk"
anims/attack = SubResource( 12 )
anims/die = SubResource( 13 )
anims/hurt = SubResource( 14 )
anims/walk = SubResource( 15 )

[node name="damagable" type="Area2D" parent="."]

[node name="CollisionShape2D" type="CollisionShape2D" parent="damagable"]
shape = SubResource( 16 )

[node name="SamplePlayer" type="Node" parent="."]

[node name="die" type="AudioStreamPlayer" parent="SamplePlayer"]
stream = ExtResource( 4 )
bus = "SFX"

[node name="fireball" type="AudioStreamPlayer" parent="SamplePlayer"]
stream = ExtResource( 6 )
bus = "SFX"

[node name="Stun" parent="." instance=ExtResource( 5 )]
position = Vector2( 0, -96 )
[connection signal="screen_entered" from="enabler" to="." method="enter_screen"]
[connection signal="screen_exited" from="enabler" to="." method="exit_screen"]
