[gd_scene load_steps=10 format=2]

[ext_resource path="res://scenes/common/damagables/imp/Imp.gd" type="Script" id=1]
[ext_resource path="res://scenes/common/damagables/imp/walk.png" type="Texture" id=2]
[ext_resource path="res://scenes/common/damagables/imp/die.png" type="Texture" id=3]
[ext_resource path="res://scenes/common/damagables/imp/die.wav" type="AudioStream" id=4]
[ext_resource path="res://scenes/common/stun.tscn" type="PackedScene" id=5]

[sub_resource type="Animation" id=1]
resource_name = "die"
length = 0.5
tracks/0/type = "value"
tracks/0/path = NodePath("walk:visible")
tracks/0/interp = 1
tracks/0/loop_wrap = true
tracks/0/imported = false
tracks/0/enabled = true
tracks/0/keys = {
"times": PoolRealArray( 0 ),
"transitions": PoolRealArray( 1 ),
"update": 1,
"values": [ false ]
}
tracks/1/type = "value"
tracks/1/path = NodePath("die:visible")
tracks/1/interp = 1
tracks/1/loop_wrap = true
tracks/1/imported = false
tracks/1/enabled = true
tracks/1/keys = {
"times": PoolRealArray( 0 ),
"transitions": PoolRealArray( 1 ),
"update": 1,
"values": [ true ]
}
tracks/2/type = "value"
tracks/2/path = NodePath("die:frame")
tracks/2/interp = 1
tracks/2/loop_wrap = true
tracks/2/imported = false
tracks/2/enabled = true
tracks/2/keys = {
"times": PoolRealArray( 0, 0.1, 0.2, 0.3, 0.4 ),
"transitions": PoolRealArray( 1, 1, 1, 1, 1 ),
"update": 1,
"values": [ 0, 1, 2, 3, 4 ]
}
tracks/3/type = "value"
tracks/3/path = NodePath("hurt:visible")
tracks/3/interp = 1
tracks/3/loop_wrap = true
tracks/3/imported = false
tracks/3/enabled = true
tracks/3/keys = {
"times": PoolRealArray( 0 ),
"transitions": PoolRealArray( 1 ),
"update": 1,
"values": [ false ]
}
tracks/4/type = "value"
tracks/4/path = NodePath("SamplePlayer/die:playing")
tracks/4/interp = 1
tracks/4/loop_wrap = true
tracks/4/imported = false
tracks/4/enabled = true
tracks/4/keys = {
"times": PoolRealArray( 0, 1 ),
"transitions": PoolRealArray( 1, 1 ),
"update": 1,
"values": [ true, false ]
}

[sub_resource type="Animation" id=2]
resource_name = "hurt"
length = 0.4
tracks/0/type = "value"
tracks/0/path = NodePath("walk:visible")
tracks/0/interp = 1
tracks/0/loop_wrap = true
tracks/0/imported = false
tracks/0/enabled = true
tracks/0/keys = {
"times": PoolRealArray( 0 ),
"transitions": PoolRealArray( 1 ),
"update": 1,
"values": [ false ]
}
tracks/1/type = "value"
tracks/1/path = NodePath("die:visible")
tracks/1/interp = 1
tracks/1/loop_wrap = true
tracks/1/imported = false
tracks/1/enabled = true
tracks/1/keys = {
"times": PoolRealArray( 0 ),
"transitions": PoolRealArray( 1 ),
"update": 1,
"values": [ false ]
}
tracks/2/type = "value"
tracks/2/path = NodePath("hurt:visible")
tracks/2/interp = 1
tracks/2/loop_wrap = true
tracks/2/imported = false
tracks/2/enabled = true
tracks/2/keys = {
"times": PoolRealArray( 0 ),
"transitions": PoolRealArray( 1 ),
"update": 1,
"values": [ true ]
}
tracks/3/type = "value"
tracks/3/path = NodePath("hurt:frame")
tracks/3/interp = 1
tracks/3/loop_wrap = true
tracks/3/imported = false
tracks/3/enabled = true
tracks/3/keys = {
"times": PoolRealArray( 0, 0.1 ),
"transitions": PoolRealArray( 1, 1 ),
"update": 1,
"values": [ 0, 1 ]
}
tracks/4/type = "value"
tracks/4/path = NodePath("hurt:offset")
tracks/4/interp = 1
tracks/4/loop_wrap = true
tracks/4/imported = false
tracks/4/enabled = true
tracks/4/keys = {
"times": PoolRealArray( 0.1, 0.2, 0.3 ),
"transitions": PoolRealArray( 1, 1, 1 ),
"update": 0,
"values": [ Vector2( -15, 0 ), Vector2( -20, 0 ), Vector2( -15, 0 ) ]
}

[sub_resource type="Animation" id=3]
resource_name = "walk"
length = 0.5
loop = true
tracks/0/type = "value"
tracks/0/path = NodePath("die:visible")
tracks/0/interp = 1
tracks/0/loop_wrap = true
tracks/0/imported = false
tracks/0/enabled = true
tracks/0/keys = {
"times": PoolRealArray( 0 ),
"transitions": PoolRealArray( 1 ),
"update": 1,
"values": [ false ]
}
tracks/1/type = "value"
tracks/1/path = NodePath("walk:visible")
tracks/1/interp = 1
tracks/1/loop_wrap = true
tracks/1/imported = false
tracks/1/enabled = true
tracks/1/keys = {
"times": PoolRealArray( 0 ),
"transitions": PoolRealArray( 1 ),
"update": 1,
"values": [ true ]
}
tracks/2/type = "value"
tracks/2/path = NodePath("walk:frame")
tracks/2/interp = 1
tracks/2/loop_wrap = true
tracks/2/imported = false
tracks/2/enabled = true
tracks/2/keys = {
"times": PoolRealArray( 0, 0.1, 0.2, 0.3, 0.4 ),
"transitions": PoolRealArray( 1, 1, 1, 1, 1 ),
"update": 1,
"values": [ 0, 1, 2, 3, 4 ]
}
tracks/3/type = "value"
tracks/3/path = NodePath("hurt:visible")
tracks/3/interp = 1
tracks/3/loop_wrap = true
tracks/3/imported = false
tracks/3/enabled = true
tracks/3/keys = {
"times": PoolRealArray( 0 ),
"transitions": PoolRealArray( 1 ),
"update": 1,
"values": [ false ]
}

[sub_resource type="RectangleShape2D" id=4]
extents = Vector2( 16, 16 )

[node name="Imp" type="KinematicBody2D"]
z_index = 1
script = ExtResource( 1 )
__meta__ = {
"__editor_plugin_screen__": "Script"
}

[node name="enabler" type="VisibilityEnabler2D" parent="."]
scale = Vector2( 10, 10 )

[node name="walk" type="Sprite" parent="."]
texture = ExtResource( 2 )
flip_h = true
hframes = 5

[node name="die" type="Sprite" parent="."]
visible = false
texture = ExtResource( 3 )
offset = Vector2( -15, 0 )
flip_h = true
hframes = 5

[node name="hurt" type="Sprite" parent="."]
visible = false
texture = ExtResource( 3 )
offset = Vector2( -15, 0 )
flip_h = true
hframes = 5
frame = 1

[node name="AnimationPlayer" type="AnimationPlayer" parent="."]
autoplay = "walk"
anims/die = SubResource( 1 )
anims/hurt = SubResource( 2 )
anims/walk = SubResource( 3 )

[node name="damagable" type="Area2D" parent="."]

[node name="CollisionShape2D" type="CollisionShape2D" parent="damagable"]
shape = SubResource( 4 )

[node name="SamplePlayer" type="Node" parent="."]

[node name="die" type="AudioStreamPlayer" parent="SamplePlayer"]
stream = ExtResource( 4 )
bus = "SFX"

[node name="Stun" parent="." instance=ExtResource( 5 )]
position = Vector2( 0, -16 )
[connection signal="screen_entered" from="enabler" to="." method="enter_screen"]
[connection signal="screen_exited" from="enabler" to="." method="exit_screen"]
