[gd_scene load_steps=17 format=2]

[ext_resource path="res://scenes/common/damagables/werewolf/Werewolf.gd" type="Script" id=1]
[ext_resource path="res://scenes/common/damagables/werewolf/walk.png" type="Texture" id=2]
[ext_resource path="res://scenes/common/damagables/werewolf/hurt.png" type="Texture" id=3]
[ext_resource path="res://scenes/common/damagables/werewolf/rush.png" type="Texture" id=4]
[ext_resource path="res://scenes/common/damagables/werewolf/die.wav" type="AudioStream" id=5]
[ext_resource path="res://scenes/common/stun.tscn" type="PackedScene" id=6]

[sub_resource type="Shader" id=1]
code = "shader_type canvas_item;
render_mode blend_add;

uniform float multiplier = 1.0;

void vertex() {
	VERTEX.x = multiplier * VERTEX.x;
}"

[sub_resource type="ShaderMaterial" id=2]
shader = SubResource( 1 )
shader_param/multiplier = -1.0

[sub_resource type="Gradient" id=3]
colors = PoolColorArray( 0.24, 0.26, 0.47, 0.62, 0.239216, 0.258824, 0.466667, 0 )

[sub_resource type="GradientTexture" id=4]
gradient = SubResource( 3 )

[sub_resource type="ParticlesMaterial" id=5]
flag_disable_z = true
spread = 0.0
gravity = Vector3( 80, 0, 0 )
initial_velocity = 80.0
orbit_velocity = 0.0
orbit_velocity_random = 0.0
color_ramp = SubResource( 4 )
anim_speed = 1.0

[sub_resource type="Animation" id=6]
length = 0.1
tracks/0/type = "value"
tracks/0/path = NodePath("die:visible")
tracks/0/interp = 1
tracks/0/loop_wrap = true
tracks/0/imported = false
tracks/0/enabled = true
tracks/0/keys = {
"times": PoolRealArray( 0 ),
"transitions": PoolRealArray( 1 ),
"update": 1,
"values": [ false ]
}
tracks/1/type = "value"
tracks/1/path = NodePath("walk:visible")
tracks/1/interp = 1
tracks/1/loop_wrap = true
tracks/1/imported = false
tracks/1/enabled = true
tracks/1/keys = {
"times": PoolRealArray( 0 ),
"transitions": PoolRealArray( 1 ),
"update": 1,
"values": [ false ]
}
tracks/2/type = "value"
tracks/2/path = NodePath("hurt:visible")
tracks/2/interp = 1
tracks/2/loop_wrap = true
tracks/2/imported = false
tracks/2/enabled = true
tracks/2/keys = {
"times": PoolRealArray( 0 ),
"transitions": PoolRealArray( 1 ),
"update": 1,
"values": [ false ]
}
tracks/3/type = "value"
tracks/3/path = NodePath("attack/attack:frame")
tracks/3/interp = 1
tracks/3/loop_wrap = true
tracks/3/imported = false
tracks/3/enabled = true
tracks/3/keys = {
"times": PoolRealArray( 0 ),
"transitions": PoolRealArray( 1 ),
"update": 1,
"values": [ 0 ]
}
tracks/4/type = "value"
tracks/4/path = NodePath("attack:visible")
tracks/4/interp = 1
tracks/4/loop_wrap = true
tracks/4/imported = false
tracks/4/enabled = true
tracks/4/keys = {
"times": PoolRealArray( 0 ),
"transitions": PoolRealArray( 1 ),
"update": 1,
"values": [ true ]
}

[sub_resource type="Animation" id=7]
length = 0.5
tracks/0/type = "value"
tracks/0/path = NodePath("walk:visible")
tracks/0/interp = 1
tracks/0/loop_wrap = true
tracks/0/imported = false
tracks/0/enabled = true
tracks/0/keys = {
"times": PoolRealArray( 0 ),
"transitions": PoolRealArray( 1 ),
"update": 1,
"values": [ false ]
}
tracks/1/type = "value"
tracks/1/path = NodePath("die:visible")
tracks/1/interp = 1
tracks/1/loop_wrap = true
tracks/1/imported = false
tracks/1/enabled = true
tracks/1/keys = {
"times": PoolRealArray( 0 ),
"transitions": PoolRealArray( 1 ),
"update": 1,
"values": [ true ]
}
tracks/2/type = "value"
tracks/2/path = NodePath("die:frame")
tracks/2/interp = 1
tracks/2/loop_wrap = true
tracks/2/imported = false
tracks/2/enabled = true
tracks/2/keys = {
"times": PoolRealArray( 0, 0.1, 0.2, 0.3, 0.4 ),
"transitions": PoolRealArray( 1, 1, 1, 1, 1 ),
"update": 1,
"values": [ 0, 1, 2, 3, 4 ]
}
tracks/3/type = "value"
tracks/3/path = NodePath("hurt:visible")
tracks/3/interp = 1
tracks/3/loop_wrap = true
tracks/3/imported = false
tracks/3/enabled = true
tracks/3/keys = {
"times": PoolRealArray( 0 ),
"transitions": PoolRealArray( 1 ),
"update": 1,
"values": [ false ]
}
tracks/4/type = "value"
tracks/4/path = NodePath("attack:visible")
tracks/4/interp = 1
tracks/4/loop_wrap = true
tracks/4/imported = false
tracks/4/enabled = true
tracks/4/keys = {
"times": PoolRealArray( 0 ),
"transitions": PoolRealArray( 1 ),
"update": 1,
"values": [ false ]
}
tracks/5/type = "value"
tracks/5/path = NodePath("SamplePlayer/die:playing")
tracks/5/interp = 1
tracks/5/loop_wrap = true
tracks/5/imported = false
tracks/5/enabled = true
tracks/5/keys = {
"times": PoolRealArray( 0, 0.7 ),
"transitions": PoolRealArray( 1, 1 ),
"update": 1,
"values": [ true, false ]
}

[sub_resource type="Animation" id=8]
length = 0.4
tracks/0/type = "value"
tracks/0/path = NodePath("walk:visible")
tracks/0/interp = 1
tracks/0/loop_wrap = true
tracks/0/imported = false
tracks/0/enabled = true
tracks/0/keys = {
"times": PoolRealArray( 0 ),
"transitions": PoolRealArray( 1 ),
"update": 1,
"values": [ false ]
}
tracks/1/type = "value"
tracks/1/path = NodePath("die:visible")
tracks/1/interp = 1
tracks/1/loop_wrap = true
tracks/1/imported = false
tracks/1/enabled = true
tracks/1/keys = {
"times": PoolRealArray( 0 ),
"transitions": PoolRealArray( 1 ),
"update": 1,
"values": [ false ]
}
tracks/2/type = "value"
tracks/2/path = NodePath("hurt:visible")
tracks/2/interp = 1
tracks/2/loop_wrap = true
tracks/2/imported = false
tracks/2/enabled = true
tracks/2/keys = {
"times": PoolRealArray( 0 ),
"transitions": PoolRealArray( 1 ),
"update": 1,
"values": [ true ]
}
tracks/3/type = "value"
tracks/3/path = NodePath("hurt:frame")
tracks/3/interp = 1
tracks/3/loop_wrap = true
tracks/3/imported = false
tracks/3/enabled = true
tracks/3/keys = {
"times": PoolRealArray( 0, 0.1 ),
"transitions": PoolRealArray( 1, 1 ),
"update": 1,
"values": [ 0, 1 ]
}
tracks/4/type = "value"
tracks/4/path = NodePath("hurt:offset")
tracks/4/interp = 1
tracks/4/loop_wrap = true
tracks/4/imported = false
tracks/4/enabled = true
tracks/4/keys = {
"times": PoolRealArray( 0.1, 0.2, 0.3 ),
"transitions": PoolRealArray( 1, 1, 1 ),
"update": 0,
"values": [ Vector2( -5, 0 ), Vector2( 0, 0 ), Vector2( -5, 0 ) ]
}
tracks/5/type = "value"
tracks/5/path = NodePath("attack:visible")
tracks/5/interp = 1
tracks/5/loop_wrap = true
tracks/5/imported = false
tracks/5/enabled = true
tracks/5/keys = {
"times": PoolRealArray( 0 ),
"transitions": PoolRealArray( 1 ),
"update": 1,
"values": [ false ]
}

[sub_resource type="Animation" id=9]
length = 0.8
loop = true
tracks/0/type = "value"
tracks/0/path = NodePath("die:visible")
tracks/0/interp = 1
tracks/0/loop_wrap = true
tracks/0/imported = false
tracks/0/enabled = true
tracks/0/keys = {
"times": PoolRealArray( 0 ),
"transitions": PoolRealArray( 1 ),
"update": 1,
"values": [ false ]
}
tracks/1/type = "value"
tracks/1/path = NodePath("walk:visible")
tracks/1/interp = 1
tracks/1/loop_wrap = true
tracks/1/imported = false
tracks/1/enabled = true
tracks/1/keys = {
"times": PoolRealArray( 0 ),
"transitions": PoolRealArray( 1 ),
"update": 1,
"values": [ true ]
}
tracks/2/type = "value"
tracks/2/path = NodePath("walk:frame")
tracks/2/interp = 1
tracks/2/loop_wrap = true
tracks/2/imported = false
tracks/2/enabled = true
tracks/2/keys = {
"times": PoolRealArray( 0, 0.1, 0.2, 0.3, 0.4, 0.5, 0.6, 0.7 ),
"transitions": PoolRealArray( 1, 1, 1, 1, 1, 1, 1, 1 ),
"update": 1,
"values": [ 0, 1, 2, 3, 4, 5, 6, 7 ]
}
tracks/3/type = "value"
tracks/3/path = NodePath("hurt:visible")
tracks/3/interp = 1
tracks/3/loop_wrap = true
tracks/3/imported = false
tracks/3/enabled = true
tracks/3/keys = {
"times": PoolRealArray( 0 ),
"transitions": PoolRealArray( 1 ),
"update": 1,
"values": [ false ]
}
tracks/4/type = "value"
tracks/4/path = NodePath("attack:visible")
tracks/4/interp = 1
tracks/4/loop_wrap = true
tracks/4/imported = false
tracks/4/enabled = true
tracks/4/keys = {
"times": PoolRealArray( 0 ),
"transitions": PoolRealArray( 1 ),
"update": 1,
"values": [ false ]
}

[sub_resource type="RectangleShape2D" id=10]
extents = Vector2( 16, 64 )

[node name="Werewolf" type="KinematicBody2D"]
z_index = 1
script = ExtResource( 1 )
__meta__ = {
"__editor_plugin_screen__": "2D"
}

[node name="enabler" type="VisibilityEnabler2D" parent="."]
scale = Vector2( 15, 12 )

[node name="walk" type="Sprite" parent="."]
texture = ExtResource( 2 )
offset = Vector2( -16, 0 )
vframes = 2
hframes = 4

[node name="die" type="Sprite" parent="."]
visible = false
texture = ExtResource( 3 )
offset = Vector2( -16, 0 )
hframes = 5
frame = 4

[node name="hurt" type="Sprite" parent="."]
visible = false
texture = ExtResource( 3 )
offset = Vector2( -5, 0 )
hframes = 5
frame = 1

[node name="attack" type="Node2D" parent="."]
visible = false

[node name="Particles2D" type="Particles2D" parent="attack"]
material = SubResource( 2 )
position = Vector2( -16, 0 )
scale = Vector2( -1, 1 )
speed_scale = 3.0
process_material = SubResource( 5 )
texture = ExtResource( 4 )

[node name="attack" type="Sprite" parent="attack"]
texture = ExtResource( 4 )
offset = Vector2( -16, 0 )

[node name="AnimationPlayer" type="AnimationPlayer" parent="."]
autoplay = "walk"
anims/attack = SubResource( 6 )
anims/die = SubResource( 7 )
anims/hurt = SubResource( 8 )
anims/walk = SubResource( 9 )

[node name="damagable" type="Area2D" parent="."]

[node name="CollisionShape2D" type="CollisionShape2D" parent="damagable"]
shape = SubResource( 10 )

[node name="SamplePlayer" type="Node" parent="."]

[node name="die" type="AudioStreamPlayer" parent="SamplePlayer"]
stream = ExtResource( 5 )
bus = "SFX"

[node name="Stun" parent="." instance=ExtResource( 6 )]
position = Vector2( 0, -64 )
[connection signal="screen_entered" from="enabler" to="." method="enter_screen"]
[connection signal="screen_exited" from="enabler" to="." method="exit_screen"]
