[gd_scene load_steps=4 format=2]

[ext_resource path="res://scenes/cave/BGs/wall.png" type="Texture" id=1]
[ext_resource path="res://scenes/cave/BGs/parallaxbg2.png" type="Texture" id=2]
[ext_resource path="res://scenes/cave/BGs/parallaxfg.png" type="Texture" id=3]

[node name="Parallax" type="ParallaxBackground"]

[node name="ParallaxLayer" type="ParallaxLayer" parent="."]
motion_scale = Vector2( 0.8, 0.8 )
motion_mirroring = Vector2( 800, 1024 )

[node name="Sprite2" type="Sprite" parent="ParallaxLayer"]
modulate = Color( 0.658824, 0.694118, 0.721569, 1 )
position = Vector2( 400, 512 )
scale = Vector2( 0.8, 0.8 )
texture = ExtResource( 1 )
region_enabled = true
region_rect = Rect2( 0, 0, 1000, 1280 )

[node name="Sprite" type="Sprite" parent="ParallaxLayer"]
modulate = Color( 0.658824, 0.694118, 0.721569, 1 )
position = Vector2( 400, 256 )
texture = ExtResource( 2 )
region_rect = Rect2( 0, 0, 800, 544 )

[node name="Sprite3" type="Sprite" parent="ParallaxLayer"]
modulate = Color( 0.658824, 0.694118, 0.721569, 1 )
position = Vector2( 400, 768 )
texture = ExtResource( 2 )
region_rect = Rect2( 0, 0, 800, 544 )

[node name="ParallaxLayer2" type="ParallaxLayer" parent="."]
motion_scale = Vector2( 0.7, 0.7 )
motion_mirroring = Vector2( 800, 1024 )

[node name="Sprite" type="Sprite" parent="ParallaxLayer2"]
modulate = Color( 0.564706, 0.682353, 0.8, 1 )
position = Vector2( 400, 256 )
texture = ExtResource( 3 )
region_rect = Rect2( 0, 0, 800, 544 )

[node name="Sprite2" type="Sprite" parent="ParallaxLayer2"]
modulate = Color( 0.564706, 0.682353, 0.8, 1 )
position = Vector2( 400, 768 )
texture = ExtResource( 3 )
region_rect = Rect2( 0, 0, 800, 544 )
