[gd_scene load_steps=53 format=2]

[ext_resource path="res://scenes/dungeon/solids/tile.png" type="Texture" id=1]
[ext_resource path="res://scenes/dungeon/water.png" type="Texture" id=2]
[ext_resource path="res://scenes/dungeon/BGs/bgtilegradient.png" type="Texture" id=3]
[ext_resource path="res://scenes/dungeon/platforms/floor.png" type="Texture" id=4]
[ext_resource path="res://scenes/dungeon/platforms/floor2.png" type="Texture" id=5]
[ext_resource path="res://scenes/dungeon/platforms/floor3.png" type="Texture" id=6]
[ext_resource path="res://scenes/dungeon/platforms/floor4.png" type="Texture" id=7]
[ext_resource path="res://scenes/dungeon/platforms/floor5.png" type="Texture" id=8]
[ext_resource path="res://scenes/dungeon/platforms/flooredge.png" type="Texture" id=9]
[ext_resource path="res://scenes/dungeon/solids/wall.png" type="Texture" id=10]
[ext_resource path="res://scenes/dungeon/solids/wall2.png" type="Texture" id=11]
[ext_resource path="res://scenes/dungeon/solids/wall3.png" type="Texture" id=12]
[ext_resource path="res://scenes/dungeon/slopes/slopetile0-31.png" type="Texture" id=13]
[ext_resource path="res://scenes/dungeon/slopes/slopetile0-15.png" type="Texture" id=14]
[ext_resource path="res://scenes/dungeon/BGs/bgtilegradient2.png" type="Texture" id=15]
[ext_resource path="res://scenes/dungeon/BGs/bgtilegradient3.png" type="Texture" id=16]
[ext_resource path="res://scenes/dungeon/BGs/bgtile.png" type="Texture" id=17]
[ext_resource path="res://scenes/dungeon/BGs/bgtile2.png" type="Texture" id=18]
[ext_resource path="res://scenes/dungeon/BGs/bgtile3.png" type="Texture" id=19]
[ext_resource path="res://scenes/dungeon/BGs/bgtiledark.png" type="Texture" id=20]
[ext_resource path="res://scenes/dungeon/BGs/bgtiledark2.png" type="Texture" id=21]
[ext_resource path="res://scenes/dungeon/BGs/bgtiledark3.png" type="Texture" id=22]
[ext_resource path="res://scenes/dungeon/slopes/slopetile0-7.png" type="Texture" id=23]
[ext_resource path="res://scenes/dungeon/solids/tile2.png" type="Texture" id=24]
[ext_resource path="res://scenes/dungeon/solids/tile3.png" type="Texture" id=25]
[ext_resource path="res://scenes/dungeon/platforms/floorblock.png" type="Texture" id=26]
[ext_resource path="res://scenes/dungeon/platforms/floorblock2.png" type="Texture" id=27]
[ext_resource path="res://scenes/dungeon/platforms/floorblock3.png" type="Texture" id=28]
[ext_resource path="res://scenes/dungeon/platforms/floorblock4.png" type="Texture" id=29]
[ext_resource path="res://scenes/dungeon/platforms/floorblock5.png" type="Texture" id=30]
[ext_resource path="res://scenes/dungeon/platforms/flooredge2.png" type="Texture" id=31]
[ext_resource path="res://scenes/dungeon/platforms/midfloorblock.png" type="Texture" id=32]
[ext_resource path="res://scenes/dungeon/BGs/banner.png" type="Texture" id=33]
[ext_resource path="res://scenes/dungeon/BGs/torch.png" type="Texture" id=34]
[ext_resource path="res://scenes/dungeon/BGs/pillar/pillar.png" type="Texture" id=35]
[ext_resource path="res://scenes/dungeon/BGs/pillar/pillarcap.png" type="Texture" id=36]
[ext_resource path="res://scenes/dungeon/BGs/pillar/pillarcap2.png" type="Texture" id=37]
[ext_resource path="res://scenes/dungeon/BGs/pillar/pillarcap3.png" type="Texture" id=38]
[ext_resource path="res://scenes/dungeon/BGs/pillar/pillarcap4.png" type="Texture" id=39]
[ext_resource path="res://scenes/dungeon/platforms/crackedflooredge.png" type="Texture" id=40]
[ext_resource path="res://scenes/dungeon/BGs/bgswingtile.png" type="Texture" id=41]
[ext_resource path="res://scenes/dungeon/platforms/floorblock6.png" type="Texture" id=42]

[sub_resource type="ImageTexture" id=2]
lossy_quality = 1.0

[sub_resource type="PhysicsMaterial" id=11]
friction = 0.0

[sub_resource type="RectangleShape2D" id=1]
extents = Vector2( 16, 16 )

[sub_resource type="RectangleShape2D" id=3]
extents = Vector2( 16, 16 )

[sub_resource type="RectangleShape2D" id=6]
extents = Vector2( 16, 16 )

[sub_resource type="RectangleShape2D" id=4]
extents = Vector2( 16, 16 )

[sub_resource type="Shader" id=7]
code = "shader_type canvas_item;

void fragment() {
	COLOR = vec4(0, 0, 0, 1);
}"

[sub_resource type="ShaderMaterial" id=8]
shader = SubResource( 7 )

[sub_resource type="RectangleShape2D" id=9]
extents = Vector2( 16, 16 )

[sub_resource type="RectangleShape2D" id=10]
extents = Vector2( 16, 16 )

[node name="Node2D" type="Node2D"]
__meta__ = {
"__editor_plugin_screen__": "2D"
}

[node name="TestBlock" type="Sprite" parent="."]
texture = SubResource( 2 )
region_enabled = true
region_rect = Rect2( 0, 0, 32, 32 )

[node name="StaticBody2D" type="StaticBody2D" parent="TestBlock"]
physics_material_override = SubResource( 11 )

[node name="CollisionShape2D" type="CollisionShape2D" parent="TestBlock/StaticBody2D"]
shape = SubResource( 1 )

[node name="TestLadderBlockL" type="Sprite" parent="."]
position = Vector2( 32, 0 )
texture = ExtResource( 1 )

[node name="StaticBody2D" type="StaticBody2D" parent="TestLadderBlockL"]

[node name="CollisionShape2D" type="CollisionShape2D" parent="TestLadderBlockL/StaticBody2D"]
position = Vector2( -1.5, 0 )
scale = Vector2( 0.921053, 1 )
shape = SubResource( 3 )

[node name="TestLadderBlockR" type="Sprite" parent="."]
position = Vector2( 64, 0 )
texture = ExtResource( 1 )

[node name="StaticBody2D" type="StaticBody2D" parent="TestLadderBlockR"]

[node name="CollisionShape2D" type="CollisionShape2D" parent="TestLadderBlockR/StaticBody2D"]
position = Vector2( 1.5, 0 )
scale = Vector2( 0.921053, 1 )
shape = SubResource( 6 )

[node name="TestWater" type="Sprite" parent="."]
position = Vector2( 96, 0 )
z_index = 2
texture = ExtResource( 2 )

[node name="BGGradient1" type="Sprite" parent="."]
position = Vector2( 0, 32 )
texture = ExtResource( 3 )
region_enabled = true
region_rect = Rect2( 0, 0, 32, 32 )

[node name="BGGradient2" type="Sprite" parent="."]
position = Vector2( 32, 32 )
texture = ExtResource( 3 )
region_enabled = true
region_rect = Rect2( 0, 32, 32, 32 )

[node name="BGGradient3" type="Sprite" parent="."]
position = Vector2( 64, 32 )
texture = ExtResource( 3 )
region_enabled = true
region_rect = Rect2( 0, 64, 32, 32 )

[node name="BGGradient4" type="Sprite" parent="."]
position = Vector2( 96, 32 )
texture = ExtResource( 3 )
region_enabled = true
region_rect = Rect2( 0, 96, 32, 32 )

[node name="Floor" type="Sprite" parent="."]
position = Vector2( 0, 96 )
texture = ExtResource( 4 )

[node name="StaticBody2D" type="StaticBody2D" parent="Floor"]

[node name="CollisionShape2D" type="CollisionShape2D" parent="Floor/StaticBody2D"]
shape = SubResource( 4 )

[node name="Floor2" type="Sprite" parent="."]
position = Vector2( 32, 96 )
texture = ExtResource( 5 )

[node name="StaticBody2D" type="StaticBody2D" parent="Floor2"]

[node name="CollisionShape2D" type="CollisionShape2D" parent="Floor2/StaticBody2D"]
shape = SubResource( 4 )

[node name="Floor3" type="Sprite" parent="."]
position = Vector2( 64, 96 )
texture = ExtResource( 6 )

[node name="StaticBody2D" type="StaticBody2D" parent="Floor3"]

[node name="CollisionShape2D" type="CollisionShape2D" parent="Floor3/StaticBody2D"]
shape = SubResource( 4 )

[node name="Floor4" type="Sprite" parent="."]
position = Vector2( 96, 96 )
texture = ExtResource( 7 )

[node name="StaticBody2D" type="StaticBody2D" parent="Floor4"]

[node name="CollisionShape2D" type="CollisionShape2D" parent="Floor4/StaticBody2D"]
shape = SubResource( 4 )

[node name="Floor5" type="Sprite" parent="."]
position = Vector2( 128, 96 )
texture = ExtResource( 8 )

[node name="StaticBody2D" type="StaticBody2D" parent="Floor5"]

[node name="CollisionShape2D" type="CollisionShape2D" parent="Floor5/StaticBody2D"]
shape = SubResource( 4 )

[node name="FloorEdge" type="Sprite" parent="."]
position = Vector2( 144, 80 )
z_index = 1
texture = ExtResource( 9 )
centered = false
region_enabled = true
region_rect = Rect2( 0, 0, 38, 32 )

[node name="StaticBody2D" type="StaticBody2D" parent="FloorEdge"]

[node name="CollisionShape2D" type="CollisionPolygon2D" parent="FloorEdge/StaticBody2D"]
polygon = PoolVector2Array( 0, 0, 32, 0, 32, 32, 0, 32 )

[node name="Wall" type="Sprite" parent="."]
position = Vector2( 0, 128 )
texture = ExtResource( 10 )

[node name="StaticBody2D" type="StaticBody2D" parent="Wall"]

[node name="CollisionShape2D" type="CollisionShape2D" parent="Wall/StaticBody2D"]
shape = SubResource( 4 )

[node name="Wall2" type="Sprite" parent="."]
position = Vector2( 32, 128 )
texture = ExtResource( 11 )

[node name="StaticBody2D" type="StaticBody2D" parent="Wall2"]

[node name="CollisionShape2D" type="CollisionShape2D" parent="Wall2/StaticBody2D"]
shape = SubResource( 4 )

[node name="Wall3" type="Sprite" parent="."]
position = Vector2( 64, 128 )
texture = ExtResource( 12 )

[node name="StaticBody2D" type="StaticBody2D" parent="Wall3"]

[node name="CollisionShape2D" type="CollisionShape2D" parent="Wall3/StaticBody2D"]
shape = SubResource( 4 )

[node name="SlopeAB" type="Sprite" parent="."]
position = Vector2( 0, 160 )
texture = ExtResource( 13 )
region_enabled = true
region_rect = Rect2( 0, 32, 32, 32 )

[node name="SlopeAB2" type="Sprite" parent="."]
position = Vector2( 32, 160 )
texture = ExtResource( 14 )
region_enabled = true
region_rect = Rect2( 32, 32, 32, 32 )

[node name="BGGradient2-1" type="Sprite" parent="."]
position = Vector2( 128, 32 )
texture = ExtResource( 15 )
region_enabled = true
region_rect = Rect2( 0, 0, 32, 32 )

[node name="BGGradient2-2" type="Sprite" parent="."]
position = Vector2( 160, 32 )
texture = ExtResource( 15 )
region_enabled = true
region_rect = Rect2( 0, 32, 32, 32 )

[node name="BGGradient2-3" type="Sprite" parent="."]
position = Vector2( 192, 32 )
texture = ExtResource( 15 )
region_enabled = true
region_rect = Rect2( 0, 64, 32, 32 )

[node name="BGGradient2-4" type="Sprite" parent="."]
position = Vector2( 224, 32 )
texture = ExtResource( 15 )
region_enabled = true
region_rect = Rect2( 0, 96, 32, 32 )

[node name="BGGradient3-1" type="Sprite" parent="."]
position = Vector2( 256, 32 )
texture = ExtResource( 16 )
region_enabled = true
region_rect = Rect2( 0, 0, 32, 32 )

[node name="BGGradient3-2" type="Sprite" parent="."]
position = Vector2( 288, 32 )
texture = ExtResource( 16 )
region_enabled = true
region_rect = Rect2( 0, 32, 32, 32 )

[node name="BGGradient3-3" type="Sprite" parent="."]
position = Vector2( 320, 32 )
texture = ExtResource( 16 )
region_enabled = true
region_rect = Rect2( 0, 64, 32, 32 )

[node name="BGGradient3-4" type="Sprite" parent="."]
position = Vector2( 352, 32 )
texture = ExtResource( 16 )
region_enabled = true
region_rect = Rect2( 0, 96, 32, 32 )

[node name="BGTile" type="Sprite" parent="."]
position = Vector2( 0, 64 )
texture = ExtResource( 17 )

[node name="BGTile2" type="Sprite" parent="."]
position = Vector2( 32, 64 )
texture = ExtResource( 18 )

[node name="BGTile3" type="Sprite" parent="."]
position = Vector2( 64, 64 )
texture = ExtResource( 19 )

[node name="BGTileDark" type="Sprite" parent="."]
position = Vector2( 96, 64 )
texture = ExtResource( 20 )

[node name="BGTileDark2" type="Sprite" parent="."]
position = Vector2( 128, 64 )
texture = ExtResource( 21 )

[node name="BGTileDark3" type="Sprite" parent="."]
position = Vector2( 160, 64 )
texture = ExtResource( 22 )

[node name="SlopeAB3" type="Sprite" parent="."]
position = Vector2( 64, 160 )
texture = ExtResource( 23 )
region_enabled = true
region_rect = Rect2( 64, 32, 32, 32 )

[node name="SlopeAB4" type="Sprite" parent="."]
position = Vector2( 96, 160 )
texture = ExtResource( 23 )
region_enabled = true
region_rect = Rect2( 96, 32, 32, 32 )

[node name="Tile" type="Sprite" parent="."]
material = SubResource( 8 )
position = Vector2( 0, 192 )
texture = ExtResource( 1 )

[node name="StaticBody2D" type="StaticBody2D" parent="Tile"]

[node name="CollisionShape2D" type="CollisionShape2D" parent="Tile/StaticBody2D"]
shape = SubResource( 9 )

[node name="Tile2" type="Sprite" parent="."]
material = SubResource( 8 )
position = Vector2( 32, 192 )
texture = ExtResource( 24 )

[node name="StaticBody2D" type="StaticBody2D" parent="Tile2"]

[node name="CollisionShape2D" type="CollisionShape2D" parent="Tile2/StaticBody2D"]
shape = SubResource( 9 )

[node name="Tile3" type="Sprite" parent="."]
material = SubResource( 8 )
position = Vector2( 64, 192 )
texture = ExtResource( 25 )

[node name="StaticBody2D" type="StaticBody2D" parent="Tile3"]

[node name="CollisionShape2D" type="CollisionShape2D" parent="Tile3/StaticBody2D"]
shape = SubResource( 9 )

[node name="Tile4" type="Sprite" parent="."]
position = Vector2( 96, 192 )
texture = ExtResource( 1 )

[node name="StaticBody2D" type="StaticBody2D" parent="Tile4"]

[node name="CollisionShape2D" type="CollisionShape2D" parent="Tile4/StaticBody2D"]
shape = SubResource( 9 )

[node name="FloorBlock" type="Sprite" parent="."]
position = Vector2( 192, 96 )
texture = ExtResource( 26 )

[node name="StaticBody2D" type="StaticBody2D" parent="FloorBlock"]

[node name="CollisionShape2D" type="CollisionShape2D" parent="FloorBlock/StaticBody2D"]
shape = SubResource( 4 )

[node name="FloorBlock6" type="Sprite" parent="."]
position = Vector2( 480, 96 )
texture = ExtResource( 42 )

[node name="StaticBody2D" type="StaticBody2D" parent="FloorBlock6"]

[node name="CollisionShape2D" type="CollisionShape2D" parent="FloorBlock6/StaticBody2D"]
shape = SubResource( 4 )

[node name="FloorBlock2" type="Sprite" parent="."]
position = Vector2( 224, 96 )
texture = ExtResource( 27 )

[node name="StaticBody2D" type="StaticBody2D" parent="FloorBlock2"]

[node name="CollisionShape2D" type="CollisionShape2D" parent="FloorBlock2/StaticBody2D"]
shape = SubResource( 4 )

[node name="FloorBlock3" type="Sprite" parent="."]
position = Vector2( 256, 96 )
texture = ExtResource( 28 )

[node name="StaticBody2D" type="StaticBody2D" parent="FloorBlock3"]

[node name="CollisionShape2D" type="CollisionShape2D" parent="FloorBlock3/StaticBody2D"]
shape = SubResource( 4 )

[node name="FloorBlock4" type="Sprite" parent="."]
position = Vector2( 288, 96 )
texture = ExtResource( 29 )

[node name="StaticBody2D" type="StaticBody2D" parent="FloorBlock4"]

[node name="CollisionShape2D" type="CollisionShape2D" parent="FloorBlock4/StaticBody2D"]
shape = SubResource( 4 )

[node name="FloorBlock5" type="Sprite" parent="."]
position = Vector2( 320, 96 )
texture = ExtResource( 30 )

[node name="StaticBody2D" type="StaticBody2D" parent="FloorBlock5"]

[node name="CollisionShape2D" type="CollisionShape2D" parent="FloorBlock5/StaticBody2D"]
shape = SubResource( 4 )

[node name="FloorSlope" type="Sprite" parent="."]
position = Vector2( 352, 96 )
texture = ExtResource( 26 )

[node name="FloorCorner" type="Sprite" parent="."]
position = Vector2( 384, 96 )
texture = ExtResource( 31 )

[node name="StaticBody2D" type="StaticBody2D" parent="FloorCorner"]

[node name="CollisionShape2D" type="CollisionShape2D" parent="FloorCorner/StaticBody2D"]
shape = SubResource( 10 )

[node name="MidFloorBlock" type="Sprite" parent="."]
position = Vector2( 416, 96 )
texture = ExtResource( 32 )

[node name="StaticBody2D" type="StaticBody2D" parent="MidFloorBlock"]

[node name="CollisionShape2D" type="CollisionShape2D" parent="MidFloorBlock/StaticBody2D"]
shape = SubResource( 4 )

[node name="Banner" type="Sprite" parent="."]
position = Vector2( 0, 224 )
texture = ExtResource( 33 )
region_enabled = true
region_rect = Rect2( 0, 0, 32, 32 )

[node name="Banner2" type="Sprite" parent="."]
position = Vector2( 32, 224 )
texture = ExtResource( 33 )
region_enabled = true
region_rect = Rect2( 0, 32, 32, 32 )

[node name="Banner3" type="Sprite" parent="."]
position = Vector2( 64, 224 )
texture = ExtResource( 33 )
region_enabled = true
region_rect = Rect2( 0, 64, 32, 32 )

[node name="Banner4" type="Sprite" parent="."]
position = Vector2( 96, 224 )
texture = ExtResource( 33 )
region_enabled = true
region_rect = Rect2( 0, 96, 32, 32 )

[node name="Torch" type="Sprite" parent="."]
position = Vector2( 0, 224 )
texture = ExtResource( 34 )
centered = false
offset = Vector2( -16, 16 )
region_rect = Rect2( 0, 96, 32, 32 )

[node name="Pillar" type="Sprite" parent="."]
position = Vector2( 0, 448 )
texture = ExtResource( 35 )

[node name="PillarCap" type="Sprite" parent="."]
position = Vector2( 32, 448 )
texture = ExtResource( 36 )
offset = Vector2( 32, 0 )

[node name="PillarCap2" type="Sprite" parent="."]
position = Vector2( 128, 448 )
texture = ExtResource( 37 )
offset = Vector2( 32, 0 )

[node name="PillarCap3" type="Sprite" parent="."]
position = Vector2( 224, 448 )
texture = ExtResource( 38 )
offset = Vector2( 32, 0 )

[node name="PillarCap4" type="Sprite" parent="."]
position = Vector2( 320, 448 )
texture = ExtResource( 39 )
offset = Vector2( 32, 0 )

[node name="CrackedFloorBlock" type="Sprite" parent="."]
position = Vector2( 448, 96 )
texture = ExtResource( 40 )

[node name="StaticBody2D" type="StaticBody2D" parent="CrackedFloorBlock"]

[node name="CollisionShape2D" type="CollisionShape2D" parent="CrackedFloorBlock/StaticBody2D"]
shape = SubResource( 4 )

[node name="BGSwingTile" type="Sprite" parent="."]
position = Vector2( 192, 64 )
texture = ExtResource( 41 )
